"Product Id","Category","Sub Category","Type","Brand","Product Name","UPC Code","Product Description","Price","Tax","Store","Size","UOM","Image","Spice Level","Aisle No."
"6094","Beverages & Juices","Soft Drinks & Seltzers","Soft Drinks","Coca-Cola","Coca Cola Original Taste Can","","Coca Cola Original Taste Can","4.16","0.0","Market Basket","6 x 12 fl oz","6 x 12 fl oz","No Image.jpg","","17"
"506","Laundry & Paper Goods","Laundry","Laundry Detergent","Tide","Tide Pods Fresh Coral Blast Laundry Detergent","","Tide Pods Fresh Coral Blast Laundry Detergent","16.24","1.0","Market Basket","42 pack","42 pack","No Image.jpg","","15"
"4336","Meat & Seafood","Meat & Seafood Counter","Salmon","Fresh","Fresh Wild Salmon","","Fresh Wild Salmon","6.29","0.0","Market Basket","1 lb","1 lb","No Image.jpg","","22"
"531","Laundry & Paper Goods","Laundry","Scent Booster","Arm & Hammer","Arm & Hammer Clean Scentsations Scent booster Purifying Waters","","Arm & Hammer Clean Scentsations Scent booster Purifying Waters","4.99","1.0","Market Basket","24 oz","24 oz","No Image.jpg","","15"
"5975","Beverages & Juices","Cocoa & Drink Mixes","Cocoa & Drink Mixes","Master of Mixes","Master of Mixes Handcrafted Strawberry Colada Mixer","","Master of Mixes Handcrafted Strawberry Colada Mixer","4.99","0.0","Market Basket","33.8 fl oz","33.8 fl oz","No Image.jpg","","17"
"5291","Chips, Cookies & Snacks","Chips & Fruit Snacks","Chips & Pretzels","Pringles","Pringles Sour Cream Lunch 12 Pack","","Pringles Sour Cream Lunch 12 Pack","7.8","0.0","Market Basket","12 x 0.67 oz","12 x 0.67 oz","No Image.jpg","","0"
"4584","Meat & Seafood","Lunch Meat","Turkey","Deli","Deli Honey Turkey","","Deli Honey Turkey","5.49","0.0","Market Basket","0.59 lb","0.59 lb","No Image.jpg","","22"
"5264","Chips, Cookies & Snacks","Chips & Fruit Snacks","Chips & Pretzels","Good Health","Good Health Veggie Straws Aged White Cheddar","","Good Health Veggie Straws Aged White Cheddar","4.69","0.0","Market Basket","6.25 oz","6.25 oz","No Image.jpg","","0"
"5138","Chips, Cookies & Snacks","Cookies & Crackers","Cookies & Cakes","Pepperidge Farm","Pepperridge Farm Verona Strawberry Cookies","","Pepperridge Farm Verona Strawberry Cookies","4.69","0.0","Market Basket","6.75 oz","6.75 oz","No Image.jpg","","6"
"5164","Chips, Cookies & Snacks","Cookies & Crackers","Crackers","Carr's","Carr's Rosemarry Carckers Rich & Savory","","Carr's Rosemarry Carckers Rich & Savory","3.91","0.0","Market Basket","5 oz","5 oz","No Image.jpg","","6"
"5996","Beverages & Juices","Energy & Sports Drinks","Energy & Sports Drinks","Monster","Monster Energy Low Carb 4 Pack","","Monster Energy Low Carb 4 Pack","8.74","0.0","Market Basket","4 x 16 fl oz","4 x 16 fl oz","No Image.jpg","","17"
"6034","Beverages & Juices","Energy & Sports Drinks","Energy & Sports Drinks","Red Bull","Red Bull Blue Edition - Blueberry","","Red Bull Blue Edition - Blueberry","3.13","0.0","Market Basket","12 fl oz","12 fl oz","No Image.jpg","","17"
"5925","Beverages & Juices","Tea, Coffee, Milk & Coconut Water","Single To-Go Coffee","Forto","Forto Energy Coffee Organic Coffee Latte","","Forto Energy Coffee Organic Coffee Latte","2.5","0.0","Market Basket","11 fl oz","11 fl oz","No Image.jpg","","17"
"6217","Beverages & Juices","Soft Drinks & Seltzers","Seltzer","Adirondack","Adirondack Beverages Seltzer, Lemon Lime","","Adirondack Beverages Seltzer, Lemon Lime","3.13","0.0","Market Basket","6 x 16.9 fl oz","6 x 16.9 fl oz","No Image.jpg","","11"
"5172","Chips, Cookies & Snacks","Cookies & Crackers","Crackers","Dare","Dare Grainsfirst Whole Grain Crackers","","Dare Grainsfirst Whole Grain Crackers","3.13","0.0","Market Basket","8.8 oz","8.8 oz","No Image.jpg","","6"
"405","Laundry & Paper Goods","Paper Goods","Bathroom Tissues / Toilet Paper","Earth First","Earth First Recycled Paper Bath Tissue","","Earth First Recycled Paper Bath Tissue","2.99","1.0","Market Basket","4 count","4 count","No Image.jpg","","14"
"574","Laundry & Paper Goods","Laundry","Laundry Detergent","Downy","Downy infusions ROMANTIC White Tea & Peony 48 loads Laundry Detergent","","Downy infusions ROMANTIC White Tea & Peony 48 loads Laundry Detergent","7.49","1.0","Market Basket","0.96 L","0.96 L","No Image.jpg","","15"
"5027","Chips, Cookies & Snacks","Chips & Fruit Snacks","Ready Popcorn","Wise","Wise Popcorn White Cheddar","","Wise Popcorn White Cheddar","3.91","0.0","Market Basket","6 oz","6 oz","No Image.jpg","","0"
"13031","Breakfast & Dairy","Cereal","Cereal","Hannaford","Hannaford Apple Dapples Cereal","","Hannaford Apple Dapples Cereal","3.69","0.0","Market Basket","1.5 oz","1.5 oz","No Image.jpg","","5"
"6023","Beverages & Juices","Energy & Sports Drinks","Energy & Sports Drinks","Red Bull","Red Bull Energy Drink","","Red Bull Energy Drink","2.49","0.0","Market Basket","8.4 fl oz","8.4 fl oz","No Image.jpg","","17"
"6367","Beverages & Juices","Soft Drinks & Seltzers","Seltzer","Polar","Polar Seltzer Black Cherry","","Polar Seltzer Black Cherry","3.74","0.0","Market Basket","6 x 16.9 fl oz","6 x 16.9 fl oz","No Image.jpg","","11"
"5957","Beverages & Juices","Cocoa & Drink Mixes","Cocoa & Drink Mixes","Mr & Mrs T","Mr & Mrs T Original Bloody Mary Mix","","Mr & Mrs T Original Bloody Mary Mix","4.99","0.0","Market Basket","1 L","1 L","No Image.jpg","","17"
"5250","Chips, Cookies & Snacks","Chips & Fruit Snacks","Ready Popcorn","LATE JULY","LATE JULY White Cheddar Organic Popcorn","","LATE JULY White Cheddar Organic Popcorn","4.69","0.0","Market Basket","4.4 oz","4.4 oz","No Image.jpg","","0"
"4197","Meat & Seafood","Packaged Meat & Seafood","Chicken Breast","Fresh","Perdue Fresh Chicken Breast","","Perdue Fresh Chicken Breast","4.59","0.0","Market Basket","1 lb","1 lb","No Image.jpg","","22"
"6546","Chips, Cookies & Snacks","Nuts, Seeds & Dried Fruit","Nuts, Seeds & Dried Fruit","Dang","Dang Original Coconut Chips","","Dang Original Coconut Chips","4.99","0.0","Market Basket","3.17 oz","3.17 oz","No Image.jpg","","6"
"5329","Breakfast & Dairy","Bars & Pastries","Breakfast Bars","Nature's Bakery","Nature's Bakery Fig Bar Apple Cinnamon","","Nature's Bakery Fig Bar Apple Cinnamon","4.69","0.0","Market Basket","6 x 2 oz","6 x 2 oz","No Image.jpg","","6"
"4376","Meat & Seafood","Meat & Seafood Counter","Turkey Breast","Thin 'n Trim","Thin 'n Trim Thinly Sliced Smoked Turkey Breast","","Thin 'n Trim Thinly Sliced Smoked Turkey Breast","4.39","0.0","Market Basket","1 lb","1 lb","No Image.jpg","","22"
"5088","Chips, Cookies & Snacks","Cookies & Crackers","Cookies & Cakes","Mi-Del","Mi Del Vanilla Snaps","","Mi Del Vanilla Snaps","5.47","0.0","Market Basket","10 oz","10 oz","No Image.jpg","","6"
"5254","Chips, Cookies & Snacks","Chips & Fruit Snacks","Chips & Pretzels","LATE JULY","LATE JULY Cantina Style Yellow Corn Tortilla Chips","","LATE JULY Cantina Style Yellow Corn Tortilla Chips","4.67","0.0","Market Basket","9 oz","9 oz","No Image.jpg","","0"
"5050","Chips, Cookies & Snacks","Cookies & Crackers","Cookies & Cakes","Keebler","Keebler Deluxe Grahams Original","","Keebler Deluxe Grahams Original","3.91","0.0","Market Basket","12.5 oz","12.5 oz","No Image.jpg","","6"
"605","Laundry & Paper Goods","Paper Goods","Bathroom Tissues / Toilet Paper","Charmin","Charmin Ultra Strong Toilet Paper 9 Mega Rolls","","Charmin Ultra Strong Toilet Paper 9 Mega Rolls","16.24","1.0","Market Basket","9 count","9 count","No Image.jpg","","14"
"5325","Chips, Cookies & Snacks","Cookies & Crackers","Crackers","Nabisco","Nabisco Teddy Grahams Cinnamon Graham Snacks","","Nabisco Teddy Grahams Cinnamon Graham Snacks","4.69","0.0","Market Basket","10 oz","10 oz","No Image.jpg","","6"
"5128","Chips, Cookies & Snacks","Cookies & Crackers","Cookies & Cakes","Pepperidge Farm Milano","Pepperidge Farm Lemon Flavored Chocolate Cookies","","Pepperidge Farm Lemon Flavored Chocolate Cookies","4.69","0.0","Market Basket","7 oz","7 oz","No Image.jpg","","6"
"569","Laundry & Paper Goods","Laundry","Laundry Detergent","Downy","Ultra Downy april fresh 60 Loads Laundry Detergent","","Ultra Downy april fresh 60 Loads Laundry Detergent","6.86","1.0","Market Basket","1.53 L","1.53 L","No Image.jpg","","15"
"5405","Chips, Cookies & Snacks","Cookies & Crackers","Crackers","Back to Nature","Back to Nature Organic Roasted Garlic & Herb Stoneground Wheat Cracker","","Back to Nature Organic Roasted Garlic & Herb Stoneground Wheat Cracker","6.23","0.0","Market Basket","6 oz","6 oz","No Image.jpg","","6"
"4883","Chips, Cookies & Snacks","Chips & Fruit Snacks","Ready Popcorn","Lay's","Lay's Poppables Honey Bbq Crispy Potato Bites","","Lay's Poppables Honey Bbq Crispy Potato Bites","3.91","0.0","Market Basket","5 oz","5 oz","No Image.jpg","","0"
"6529","Chips, Cookies & Snacks","Nuts, Seeds & Dried Fruit","Nuts, Seeds & Dried Fruit","Sunmaid","Sunmaid Mini Snacks","","Sunmaid Mini Snacks","2.49","0.0","Market Basket","6 oz","6 oz","No Image.jpg","","6"
"6336","Beverages & Juices","Soft Drinks & Seltzers","Seltzer","Polar","Polar Lemon Seltzer","","Polar Lemon Seltzer","1.24","0.0","Market Basket","2 L","2 L","No Image.jpg","","11"
"5231","Chips, Cookies & Snacks","Cookies & Crackers","Crackers","Nabisco","Nabiso 60% Less Fat Reduced Fat Nilla Wafers","","Nabiso 60% Less Fat Reduced Fat Nilla Wafers","5.14","0.0","Market Basket","11 oz","11 oz","No Image.jpg","","6"
"5185","Chips, Cookies & Snacks","Cookies & Crackers","Crackers","Keebler","Keebler Chips Deluxe Peanut Butter Cup","","Keebler Chips Deluxe Peanut Butter Cup","3.91","0.0","Market Basket","11.6 oz","11.6 oz","No Image.jpg","","6"
"6165","Beverages & Juices","Soft Drinks & Seltzers","Soft Drinks","Pepsi","Pepsi Wild Cherry","","Pepsi Wild Cherry","2.5","0.0","Market Basket","2 L","2 L","No Image.jpg","","17"
"5255","Chips, Cookies & Snacks","Chips & Fruit Snacks","Chips & Pretzels","LATE JULY","LATE JULY Cantina Style White Corn Tortilla Chips","","LATE JULY Cantina Style White Corn Tortilla Chips","4.67","0.0","Market Basket","9 oz","9 oz","No Image.jpg","","0"
"5942","Beverages & Juices","Cocoa & Drink Mixes","Cocoa & Drink Mixes","Cocktail Artist","Cocktail Artist Pina Colada Premium Mix","","Cocktail Artist Pina Colada Premium Mix","6.24","0.0","Market Basket","1 L","1 L","No Image.jpg","","17"
"5287","Chips, Cookies & Snacks","Chips & Fruit Snacks","Chips & Pretzels","Pringles","Pringles Wavy Classic Salted","","Pringles Wavy Classic Salted","2.08","0.0","Market Basket","4.5 oz","4.5 oz","No Image.jpg","","0"
"5906","Beverages & Juices","Tea, Coffee, Milk & Coconut Water","Single To-Go Coffee","StarBucks","Starbucks Frappuccino Vanilla Almondmilk","","Starbucks Frappuccino Vanilla Almondmilk","3.36","0.0","Market Basket","13.7 fl oz","13.7 fl oz","No Image.jpg","","17"
"5931","Beverages & Juices","Tea, Coffee, Milk & Coconut Water","Single To-Go Coffee","Loco Coffee Co.","Loco Coffee Co. Maple Cold Brew Coffee + Maple Water","","Loco Coffee Co. Maple Cold Brew Coffee + Maple Water","3.74","0.0","Market Basket","12 fl oz","12 fl oz","No Image.jpg","","17"
"6031","Beverages & Juices","Energy & Sports Drinks","Energy & Sports Drinks","Red Bull","Red Bull Orange Edition - Tangerine","","Red Bull Orange Edition - Tangerine","3.13","0.0","Market Basket","12 fl oz","12 fl oz","No Image.jpg","","17"
"410","Laundry & Paper Goods","Paper Goods","Bathroom Tissues / Toilet Paper","Scott","Scott Unscented Bathroom Tissue","","Scott Unscented Bathroom Tissue","4.36","1.0","Market Basket","4 count","4 count","No Image.jpg","","14"
"3508","Fresh Produce","Fresh Organic Vegetables","Mushroom","Market Basket","Organic Whole White mushrooms","","Organic Whole White mushrooms","4.39","0.0","Market Basket","8 oz","8 oz","No Image.jpg","","20"
"5924","Beverages & Juices","Tea, Coffee, Milk & Coconut Water","Single To-Go Coffee","Forto","Forto Energy Coffee Organic Vanilla Latte","","Forto Energy Coffee Organic Vanilla Latte","2.5","0.0","Market Basket","11 fl oz","11 fl oz","No Image.jpg","","17"
"6113","Beverages & Juices","Soft Drinks & Seltzers","Soft Drinks","Dr Pepper","Dr Pepper Original Soda","","Dr Pepper Original Soda","1.24","0.0","Market Basket","2 L","2 L","No Image.jpg","","17"
"9078","Condiments & Dressings","Preserved Dips & Spreads","Spreads","Trappist","Trappist Peach Preserves","","Trappist Peach Preserves","3.69","0.0","Market Basket","12 oz","12 oz","No Image.jpg","","3"
"6091","Beverages & Juices","Soft Drinks & Seltzers","Soft Drinks","Coca-Cola","Coca Cola Zero Sugar Box of Cans","","Coca Cola Zero Sugar Box of Cans","9.99","0.0","Market Basket","24 x 12 fl oz","24 x 12 fl oz","No Image.jpg","","17"
"5947","Beverages & Juices","Cocoa & Drink Mixes","Cocoa & Drink Mixes","Finest Call","Finest Call Premium Mango Mix","","Finest Call Premium Mango Mix","4.99","0.0","Market Basket","33.8 fl oz","33.8 fl oz","No Image.jpg","","17"
"542","Laundry & Paper Goods","Laundry","Laundry Detergent","all","all stainlifters original 60 packs Laundry Detergent","","all stainlifters original 60 packs Laundry Detergent","13.11","1.0","Market Basket","39.7 oz","39.7 oz","No Image.jpg","","15"
"13022","Breakfast & Dairy","Cereal","Cereal","Essentials Everyday","Apple Crunchies Sweetened Multi grain Cereal","","Apple Crunchies Sweetened Multi grain Cereal","2.49","0.0","Market Basket","12.2 oz","12.2 oz","No Image.jpg","","5"
"5874","Beverages & Juices","Cocoa & Drink Mixes","Cocoa & Drink Mixes","4C","4C Half & Half Iced Tea Lemonade","","4C Half & Half Iced Tea Lemonade","6.24","0.0","Market Basket","47.2 oz","47.2 oz","No Image.jpg","","17"
"5903","Beverages & Juices","Tea, Coffee, Milk & Coconut Water","Single To-Go Coffee","StarBucks","Starbucks Frappuccino Brown Butter Caramel","","Starbucks Frappuccino Brown Butter Caramel","3.36","0.0","Market Basket","13.7 fl oz","13.7 fl oz","No Image.jpg","","17"
"5189","Chips, Cookies & Snacks","Chips & Fruit Snacks","Chips & Pretzels","LATE JULY","LATE JULY Organic Sea Salt Potato Chips","","LATE JULY Organic Sea Salt Potato Chips","4.69","0.0","Market Basket","5 oz","5 oz","No Image.jpg","","0"
"619","Laundry & Paper Goods","Paper Goods","Wipes","Kleenex","Kleenex Ultra Soft","","Kleenex Ultra Soft","2.5","1.0","Market Basket","110 count","110 count","No Image.jpg","","14"
"5354","Chips, Cookies & Snacks","Cookies & Crackers","Crackers","Austin","Austin Sandwich Crackers Peanut Butter on Cheese Crackers","","Austin Sandwich Crackers Peanut Butter on Cheese Crackers","2.34","0.0","Market Basket","11 oz","11 oz","No Image.jpg","","6"
"12968","Breakfast & Dairy","Breads & Rolls","Tortillas & Flat Bread","Joseph's","Joseph's Premium Wraps Traditional 10""","","Joseph's Premium Wraps Traditional 10""","1.89","0.0","Market Basket","16 oz","16 oz","No Image.jpg","","7"
"4858","Chips, Cookies & Snacks","Chips & Fruit Snacks","Chips & Pretzels","Lay's","Lay's Baked Original","","Lay's Baked Original","5.14","0.0","Market Basket","6.25 oz","6.25 oz","No Image.jpg","","0"
"3513","Fresh Produce","Fresh Organic Vegetables","Pepper","Market Basket","Organic Mini Peppers","","Organic Mini Peppers","7.14","0.0","Market Basket","1 lb","1 lb","No Image.jpg","","20"
"5369","Chips, Cookies & Snacks","Cookies & Crackers","Cookies & Cakes","Enjoy Life","Enjoy Life Soft Baked Cookies Gingerbread Spice","","Enjoy Life Soft Baked Cookies Gingerbread Spice","6.23","0.0","Market Basket","6 oz","6 oz","No Image.jpg","","6"
"6276","Beverages & Juices","Water","Water","Glaceau","Glaceau Smart Water Antitoxidant","","Glaceau Smart Water Antitoxidant","1.24","0.0","Market Basket","33.8 fl oz","33.8 fl oz","No Image.jpg","","11"
"6559","Chips, Cookies & Snacks","Chips & Fruit Snacks","Rice Cake","Suzie's","Suzie's Thin Puffed Cakes Spelt & Flax","","Suzie's Thin Puffed Cakes Spelt & Flax","3.13","0.0","Market Basket","4.6 oz","4.6 oz","No Image.jpg","","19"
"4335","Meat & Seafood","Meat & Seafood Counter","Roast Beef","Thin 'n Trim","Thin 'n Trim Roast Beef","","Thin 'n Trim Roast Beef","10.99","0.0","Market Basket","1 lb","1 lb","No Image.jpg","","22"
"5920","Beverages & Juices","Tea, Coffee, Milk & Coconut Water","Single To-Go Coffee","Peet's","Peet's Iced Espresso Black & White","","Peet's Iced Espresso Black & White","3.13","0.0","Market Basket","8 fl oz","8 fl oz","No Image.jpg","","17"
"5205","Chips, Cookies & Snacks","Cookies & Crackers","Crackers","Nabisco","Nabisco Premium Original Topped with Sea Salt Saltine Crackers Family Size","","Nabisco Premium Original Topped with Sea Salt Saltine Crackers Family Size","5.45","0.0","Market Basket","24 oz","24 oz","No Image.jpg","","6"
"6327","Beverages & Juices","Water","Sparkling Water","Polar","Polar Pink Grapefruit Dry Sparkling Can","","Polar Pink Grapefruit Dry Sparkling Can","3.74","0.0","Market Basket","6 x 7.5 fl oz","6 x 7.5 fl oz","No Image.jpg","","11"
"5199","Chips, Cookies & Snacks","Cookies & Crackers","Crackers","Milton's","Milton's Craft Bakers Gluten Free Baked Crackers Cheddar Cheese","","Milton's Craft Bakers Gluten Free Baked Crackers Cheddar Cheese","3.91","0.0","Market Basket","4.5 oz","4.5 oz","No Image.jpg","","6"
"7036","Cooking Needs","Baking & Cooking","Doughs, Gelatins & Bake Mixes","Royal","Royal Instant Pudding & Pie Filling","","Royal Instant Pudding & Pie Filling","0.49","0.0","Market Basket","1.85 oz","1.85 oz","No Image.jpg","","8"
"5921","Beverages & Juices","Tea, Coffee, Milk & Coconut Water","Single To-Go Coffee","Peet's","Peet's Iced Espresso Mocha","","Peet's Iced Espresso Mocha","3.13","0.0","Market Basket","8 fl oz","8 fl oz","No Image.jpg","","17"
"558","Laundry & Paper Goods","Laundry","Laundry Detergent","Xtra","Xtra Detergent Tropical Passion","","Xtra Detergent Tropical Passion","3.74","1.0","Market Basket","75 fl oz","75 fl oz","No Image.jpg","","15"
"5935","Beverages & Juices","Cocoa & Drink Mixes","Cocoa & Drink Mixes","Giuliano","Giuliano Dirty Martini Craft Drink Mix","","Giuliano Dirty Martini Craft Drink Mix","3.49","0.0","Market Basket","5 fl oz","5 fl oz","No Image.jpg","","17"
"5402","Chips, Cookies & Snacks","Cookies & Crackers","Crackers","Back to Nature","Back to Nature Cheese Flavored Crackers","","Back to Nature Cheese Flavored Crackers","6.23","0.0","Market Basket","6 oz","6 oz","No Image.jpg","","6"
"4917","Chips, Cookies & Snacks","Chips & Fruit Snacks","Chips & Pretzels","Ruffles","Ruffles Double Crunch Hot Wings","","Ruffles Double Crunch Hot Wings","6.23","0.0","Market Basket","7.75 oz","7.75 oz","No Image.jpg","","0"
"6496","Chips, Cookies & Snacks","Nuts, Seeds & Dried Fruit","Nuts, Seeds & Dried Fruit","David","David Roasted & Salted Pumpkin Seeds","","David Roasted & Salted Pumpkin Seeds","3.11","0.0","Market Basket","5 oz","5 oz","No Image.jpg","","6"
"4125","Meat & Seafood","Meat & Seafood Counter","Chicken Breast","Perdue","Perdue Chicken Breast","","Perdue Chicken Breast","4.89","0.0","Market Basket","1 lb","1 lb","No Image.jpg","","22"
"5311","Chips, Cookies & Snacks","Cookies & Crackers","Cookies & Cakes","Newman's Own","Newman's Own Original Cookies","","Newman's Own Original Cookies","3.91","0.0","Market Basket","8 oz","8 oz","No Image.jpg","","6"
"5883","Beverages & Juices","Cocoa & Drink Mixes","Cocoa & Drink Mixes","4C","4C Iced Tea Mix Natural Lemon Flavor","","4C Iced Tea Mix Natural Lemon Flavor","6.24","0.0","Market Basket","4 lb","4 lb","No Image.jpg","","17"
"529","Laundry & Paper Goods","Laundry","Scent Booster","Arm & Hammer","Arm & Hammer Clean Scentsations Scent booster Fresh Burst","","Arm & Hammer Clean Scentsations Scent booster Fresh Burst","4.99","1.0","Market Basket","24 oz","24 oz","No Image.jpg","","15"
"6547","Chips, Cookies & Snacks","Nuts, Seeds & Dried Fruit","Nuts, Seeds & Dried Fruit","Dang","Dang Caramel Sea Salt Coconut Chips","","Dang Caramel Sea Salt Coconut Chips","4.99","0.0","Market Basket","3.17 oz","3.17 oz","No Image.jpg","","6"
"6410","Beverages & Juices","Water","Sparkling Water","Spindrift","Spindrift Sparkling Water Cucumber","","Spindrift Sparkling Water Cucumber","6.24","0.0","Market Basket","8 x 12 fl oz","8 x 12 fl oz","No Image.jpg","","11"
"6005","Beverages & Juices","Energy & Sports Drinks","Energy & Sports Drinks","Monster","Monster Energy Ultra Rosa","","Monster Energy Ultra Rosa","2.49","0.0","Market Basket","16 fl oz","16 fl oz","No Image.jpg","","17"
"4150","Meat & Seafood","Meat & Seafood Counter","Ham","Carando","Carando Spiral Sliced Ham","","Carando Spiral Sliced Ham","21.89","0.0","Market Basket","1 lb","1 lb","No Image.jpg","","22"
"6038","Beverages & Juices","Juices & Refrigerated Drinks","Juice & Nectars","Reese","Reese Maraschino Syrup - Sweet Essence of Cherry","","Reese Maraschino Syrup - Sweet Essence of Cherry","3.74","0.0","Market Basket","8 fl oz","8 fl oz","No Image.jpg","","17"
"6468","Chips, Cookies & Snacks","Nuts, Seeds & Dried Fruit","Nuts, Seeds & Dried Fruit","P3 - Portable Protein Pack","P3 Honey Roasted Peanuts, Sunflower Kernels, Sweet & Spicy Teriyaki Beef Jerky","","P3 Honey Roasted Peanuts, Sunflower Kernels, Sweet & Spicy Teriyaki Beef Jerky","6.24","0.0","Market Basket","5.4 oz","5.4 oz","No Image.jpg","","6"
"5180","Chips, Cookies & Snacks","Cookies & Crackers","Crackers","Good Thins","Good Thins Three Cheese flavoured Rice Snacks Gluten Free","","Good Thins Three Cheese flavoured Rice Snacks Gluten Free","5.47","0.0","Market Basket","3.5 oz","3.5 oz","No Image.jpg","","6"
"6493","Chips, Cookies & Snacks","Nuts, Seeds & Dried Fruit","Nuts, Seeds & Dried Fruit","Bob's Red Mill","Bob's Red Mill Premium Shelled Sunflower Seeds","","Bob's Red Mill Premium Shelled Sunflower Seeds","2.5","0.0","Market Basket","10 oz","10 oz","No Image.jpg","","6"
"6006","Beverages & Juices","Energy & Sports Drinks","Energy & Sports Drinks","Monster","Monster Energy Ultra Fiesta","","Monster Energy Ultra Fiesta","2.49","0.0","Market Basket","16 fl oz","16 fl oz","No Image.jpg","","17"
"4240","Meat & Seafood","Packaged Meat & Seafood","Ham","Smithfield","Smithfield Anytime Favorites Hardwood Smoked Steak Ham","","Smithfield Anytime Favorites Hardwood Smoked Steak Ham","4.49","0.0","Market Basket","1.23 oz","1.23 oz","No Image.jpg","","22"
"5882","Beverages & Juices","Cocoa & Drink Mixes","Cocoa & Drink Mixes","4C","4C Iced Tea Mix Peach","","4C Iced Tea Mix Peach","6.24","0.0","Market Basket","4 lb","4 lb","No Image.jpg","","17"
"4834","Chips, Cookies & Snacks","Chips & Fruit Snacks","Chips & Pretzels","Chex Mix","Chex Mix Cheddar Savory Snack Mix","","Chex Mix Cheddar Savory Snack Mix","4.67","0.0","Market Basket","15 oz","15 oz","No Image.jpg","","0"
"591","Laundry & Paper Goods","Laundry","Fabric Softener","Final Touch","Final Touch Fabric Softener plus conditioner Lavender 36 Loads","","Final Touch Fabric Softener plus conditioner Lavender 36 Loads","2.74","1.0","Market Basket","72 fl oz","72 fl oz","No Image.jpg","","15"
"6527","Chips, Cookies & Snacks","Nuts, Seeds & Dried Fruit","Nuts, Seeds & Dried Fruit","Sunmaid","Sunmaid Vanilla Yogurt Flavored Raisins","","Sunmaid Vanilla Yogurt Flavored Raisins","3.74","0.0","Market Basket","5 oz","5 oz","No Image.jpg","","6"
"559","Laundry & Paper Goods","Laundry","Laundry Detergent","Xtra","Xtra Plus OXI Clean Crystal Clean 40 Loads Laundry Detergent","","Xtra Plus OXI Clean Crystal Clean 40 Loads Laundry Detergent","3.74","1.0","Market Basket","75 fl oz","75 fl oz","No Image.jpg","","15"
"6263","Beverages & Juices","Water","Water","Fiji","Fiji Natural Artesian Water","","Fiji Natural Artesian Water","24.99","0.0","Market Basket","24 x 500 ml","24 x 500 ml","No Image.jpg","","11"
"4525","Meat & Seafood","Lunch Meat","Ham","Smithfield","Smithfield Hardwood Smoked Ham","","Smithfield Hardwood Smoked Ham","31.9","0.0","Market Basket","Approx: 10.0 lb at $3.19/lb","Approx: 10.0 lb at $3.19/lb","No Image.jpg","","22"
"532","Laundry & Paper Goods","Laundry","Fabric Softener","all","all fabric softener free clear 40 loads","","all fabric softener free clear 40 loads","3.74","1.0","Market Basket","32 fl oz","32 fl oz","No Image.jpg","","15"
"5899","Beverages & Juices","Tea, Coffee, Milk & Coconut Water","Single To-Go Coffee","StarBucks","Starbucks Doubleshot Energy Mocha","","Starbucks Doubleshot Energy Mocha","3.36","0.0","Market Basket","15 fl oz","15 fl oz","No Image.jpg","","17"
"6189","Beverages & Juices","Ginger Ale & Ginger Beer","Ginger Ale","Schweppes","Schweppes Ginger Ale Can","","Schweppes Ginger Ale Can","4.38","0.0","Market Basket","6 x 7.5 fl oz","6 x 7.5 fl oz","No Image.jpg","","17"
"5418","Chips, Cookies & Snacks","Cookies & Crackers","Crackers","Nabisco","Oreo Mini Go Paks","","Oreo Mini Go Paks","1.56","0.0","Market Basket","3.5 oz","3.5 oz","No Image.jpg","","6"
"6405","Beverages & Juices","Water","Sparkling Water","Sparkling ICE","Sparkling ICE 4 Pack","","Sparkling ICE 4 Pack","12.49","0.0","Market Basket","12 x 17 fl oz","12 x 17 fl oz","No Image.jpg","","11"
"5917","Beverages & Juices","Tea, Coffee, Milk & Coconut Water","Single To-Go Coffee","StarBucks","Starbucks Iced Espresso Caffe Latte","","Starbucks Iced Espresso Caffe Latte","3.36","0.0","Market Basket","14 fl oz","14 fl oz","No Image.jpg","","17"
"537","Laundry & Paper Goods","Laundry","Laundry Detergent","all","all stainlifters free clear detergent 24 Loads Laundry Detergent","","all stainlifters free clear detergent 24 Loads Laundry Detergent","3.74","1.0","Market Basket","36 fl oz","36 fl oz","No Image.jpg","","15"
"6337","Beverages & Juices","Soft Drinks & Seltzers","Seltzer","Polar","Polar Original Seltzer","","Polar Original Seltzer","1.24","0.0","Market Basket","2 L","2 L","No Image.jpg","","11"
"5889","Beverages & Juices","Tea, Coffee, Milk & Coconut Water","Single To-Go Coffee","Dunkin' Donuts","Dunkin' Donuts French Vanilla","","Dunkin' Donuts French Vanilla","3.13","0.0","Market Basket","13.7 fl oz","13.7 fl oz","No Image.jpg","","17"
"6328","Beverages & Juices","Water","Sparkling Water","Polar","Polar Orange Dry Sparkling Water Cans","","Polar Orange Dry Sparkling Water Cans","3.74","0.0","Market Basket","6 x 7.5 fl oz","6 x 7.5 fl oz","No Image.jpg","","11"
"468","Laundry & Paper Goods","Laundry","Laundry Detergent","Method","method laundry detergent ginger mango","","method laundry detergent ginger mango","14.99","1.0","Market Basket","1.58 L","1.58 L","No Image.jpg","","15"
"499","Laundry & Paper Goods","Laundry","Laundry Detergent","Tide","Tide Plus Febreeze freshness spring & renewal Laundry Detergent","","Tide Plus Febreeze freshness spring & renewal Laundry Detergent","14.99","1.0","Market Basket","92 fl oz","92 fl oz","No Image.jpg","","15"
"4760","Meat & Seafood","Frozen Meat & Seafood","Frozen Shrimp","Cox's","Cox's 70 90 Per Pound Key West Pink Shrimp","","Cox's 70 90 Per Pound Key West Pink Shrimp","8.59","0.0","Market Basket","12 oz","12 oz","No Image.jpg","","22"
"6511","Chips, Cookies & Snacks","Nuts, Seeds & Dried Fruit","Nuts, Seeds & Dried Fruit","True North","True North Chocolate Nut Crunch","","True North Chocolate Nut Crunch","3.74","0.0","Market Basket","5 oz","5 oz","No Image.jpg","","6"
"6533","Chips, Cookies & Snacks","Nuts, Seeds & Dried Fruit","Nuts, Seeds & Dried Fruit","Sunmaid","Sunmaid Chocolate Yogurt Covered Raisins","","Sunmaid Chocolate Yogurt Covered Raisins","3.0","0.0","Market Basket","6 x 0.75 oz","6 x 0.75 oz","No Image.jpg","","6"
"4879","Chips, Cookies & Snacks","Chips & Fruit Snacks","Chips & Pretzels","Lay's","Lay's Honey Barbeque","","Lay's Honey Barbeque","3.91","0.0","Market Basket","7.75 oz","7.75 oz","No Image.jpg","","0"
"6531","Chips, Cookies & Snacks","Nuts, Seeds & Dried Fruit","Nuts, Seeds & Dried Fruit","Sunmaid","Sunmaid Chocolate Yogurt Covered Raisins","","Sunmaid Chocolate Yogurt Covered Raisins","3.13","0.0","Market Basket","6 box","6 box","No Image.jpg","","6"
"6099","Beverages & Juices","Soft Drinks & Seltzers","Soft Drinks","Coca-Cola","Coca Cola Zero Sugar Box of Cans","","Coca Cola Zero Sugar Box of Cans","6.86","0.0","Market Basket","12 x 12 fl oz","12 x 12 fl oz","No Image.jpg","","17"
"5915","Beverages & Juices","Tea, Coffee, Milk & Coconut Water","Single To-Go Coffee","StarBucks","Starbucks Iced Espresso Vanilla Latte","","Starbucks Iced Espresso Vanilla Latte","3.36","0.0","Market Basket","14 fl oz","14 fl oz","No Image.jpg","","17"
"6241","Beverages & Juices","Water","Tonic Water","Fever-Tree","Fever-Tree Premium Indian Tonic Water Low Calories","","Fever-Tree Premium Indian Tonic Water Low Calories","7.49","0.0","Market Basket","6.8 fl oz","6.8 fl oz","No Image.jpg","","11"
"142","Kitchen & Cleaning","Cleaning Products","Other Cleaning Products","Butler Gum","Butler Gum Plastic Angled Broom","","Butler Gum Plastic Angled Broom","8.59","1.0","Market Basket","1 count","1 count","No Image.jpg","","15"
"498","Laundry & Paper Goods","Laundry","Laundry Detergent","Tide","Tide Ultra OXI Detergent 59 Loads","","Tide Ultra OXI Detergent 59 Loads","14.99","1.0","Market Basket","92 fl oz","92 fl oz","No Image.jpg","","15"
"6209","Beverages & Juices","Soft Drinks & Seltzers","Soft Drinks","Sprite","Sprite Lemon Zero Sugar Lime Soda Box of Cans","","Sprite Lemon Zero Sugar Lime Soda Box of Cans","6.86","0.0","Market Basket","12 x 12 fl oz","12 x 12 fl oz","No Image.jpg","","17"
"4528","Meat & Seafood","Lunch Meat","Ham","Thin 'n Trim","Thin 'n Trim Ham Steak With Natural Juices","","Thin 'n Trim Ham Steak With Natural Juices","2.19","0.0","Market Basket","6 oz","6 oz","No Image.jpg","","22"
"5326","Chips, Cookies & Snacks","Cookies & Crackers","Crackers","Nabisco","Nabisco Teddy Grahams Chocolate Graham Snacks","","Nabisco Teddy Grahams Chocolate Graham Snacks","4.69","0.0","Market Basket","10 oz","10 oz","No Image.jpg","","6"
"5202","Chips, Cookies & Snacks","Cookies & Crackers","Crackers","Milton's","Milton's Organic Crackers Olive Oil & Sea Salt","","Milton's Organic Crackers Olive Oil & Sea Salt","3.91","0.0","Market Basket","6 oz","6 oz","No Image.jpg","","6"
"556","Laundry & Paper Goods","Laundry","Laundry Detergent","Xtra","Xtra Plus Long Lasting Freshness Sparkling Fresh 42 Loads Laundry Detergent","","Xtra Plus Long Lasting Freshness Sparkling Fresh 42 Loads Laundry Detergent","3.74","1.0","Market Basket","75 fl oz","75 fl oz","No Image.jpg","","15"
"5919","Beverages & Juices","Tea, Coffee, Milk & Coconut Water","Single To-Go Coffee","Peet's","Peet's Iced Espresso Caramel Macchiato","","Peet's Iced Espresso Caramel Macchiato","3.13","0.0","Market Basket","8 fl oz","8 fl oz","No Image.jpg","","17"
"526","Laundry & Paper Goods","Laundry","Laundry Detergent","Arm & Hammer","Arm & Hammer Sensitive Skin fresh & Clear 50 Loads Laundry Detergent","","Arm & Hammer Sensitive Skin fresh & Clear 50 Loads Laundry Detergent","6.24","1.0","Market Basket","75 fl oz","75 fl oz","No Image.jpg","","15"
"457","Laundry & Paper Goods","Laundry","Laundry Detergent","Meyer","Meyer's Clean Day Laundry Detergent Lemon Verbena Scent","","Meyer's Clean Day Laundry Detergent Lemon Verbena Scent","17.49","1.0","Market Basket","64 fl oz","64 fl oz","No Image.jpg","","15"
"5181","Chips, Cookies & Snacks","Cookies & Crackers","Crackers","Keebler","Keebler Cheese & Peanut Butter Sandwich Crackers","","Keebler Cheese & Peanut Butter Sandwich Crackers","3.91","0.0","Market Basket","11 oz","11 oz","No Image.jpg","","6"
"545","Laundry & Paper Goods","Laundry","Laundry Detergent","all","all with Stainlifters free clear with OXI Laundry Detergent","","all with Stainlifters free clear with OXI Laundry Detergent","13.11","1.0","Market Basket","141 fl oz","141 fl oz","No Image.jpg","","15"
"579","Laundry & Paper Goods","Laundry","Scent Booster","Downy","Downy Unstoppables inwash scent booster Outdoor fresh","","Downy Unstoppables inwash scent booster Outdoor fresh","8.74","1.0","Market Basket","285 g","285 g","No Image.jpg","","15"
"12931","Breakfast & Dairy","Breads & Rolls","Muffin","Muffin Town","Muffintown 12Pk Mini Muffin Chocolate Chip","","Muffintown 12Pk Mini Muffin Chocolate Chip","3.49","0.0","Market Basket","12 oz","12 oz","No Image.jpg","","18"
"547","Laundry & Paper Goods","Laundry","Laundry Detergent","Gain","Gain Aroma Boost Liquid Laundry Detergent, island fresh","","Gain Aroma Boost Liquid Laundry Detergent, island fresh","13.74","1.0","Market Basket","100 fl oz","100 fl oz","No Image.jpg","","15"
"6185","Beverages & Juices","Ginger Ale & Ginger Beer","Ginger Ale","Schweppes","Schweppes Ginger Ale Box of Cans","","Schweppes Ginger Ale Box of Cans","5.63","0.0","Market Basket","12 x 12 fl oz","12 x 12 fl oz","No Image.jpg","","17"
"5984","Beverages & Juices","Cocoa & Drink Mixes","Cocoa & Drink Mixes","Master of Mixes","Master of Mixes Lite Strawberry Daiquiri & Margarita Mixer","","Master of Mixes Lite Strawberry Daiquiri & Margarita Mixer","7.49","0.0","Market Basket","1.75 L","1.75 L","No Image.jpg","","17"
"5292","Chips, Cookies & Snacks","Chips & Fruit Snacks","Chips & Pretzels","Pringles","Pringles BBQ Potato Crisps","","Pringles BBQ Potato Crisps","1.55","0.0","Market Basket","2.5 oz","2.5 oz","No Image.jpg","","0"
"6393","Beverages & Juices","Soft Drinks & Seltzers","Seltzer","Polar","Polar Seltzer Blood Orange Lemonade","","Polar Seltzer Blood Orange Lemonade","4.18","0.0","Market Basket","8 x 12 fl oz","8 x 12 fl oz","No Image.jpg","","11"
"4844","Chips, Cookies & Snacks","Chips & Fruit Snacks","Chips & Pretzels","Food Should Taste Good","Food Should Taste Good Sweet Potato Tortilla Chips, Gluten Free","","Food Should Taste Good Sweet Potato Tortilla Chips, Gluten Free","4.69","0.0","Market Basket","5.5 oz","5.5 oz","No Image.jpg","","0"
"6348","Beverages & Juices","Soft Drinks & Seltzers","Soft Drinks","Polar","Polar Cream Soda","","Polar Cream Soda","1.74","0.0","Market Basket","2 L","2 L","No Image.jpg","","17"
"6261","Beverages & Juices","Water","Water","Essentia","Essentia Water Purified Water","","Essentia Water Purified Water","12.49","0.0","Market Basket","6 x 33.8 fl oz","6 x 33.8 fl oz","No Image.jpg","","11"
"5399","Chips, Cookies & Snacks","Cookies & Crackers","Crackers","Back to Nature","Back to Nature Fudge Mint Cookies","","Back to Nature Fudge Mint Cookies","6.23","0.0","Market Basket","6.4 oz","6.4 oz","No Image.jpg","","6"
"3461","Fresh Produce","Fresh Fruits","Orange","Market Basket","Bag Cara Cara Oranges","","Bag Cara Cara Oranges","5.49","0.0","Market Basket","1 bag(s)","1 bag(s)","No Image.jpg","","20"
"6516","Chips, Cookies & Snacks","Nuts, Seeds & Dried Fruit","Nuts, Seeds & Dried Fruit","Second Nature","Second Nature Wholesome Medley","","Second Nature Wholesome Medley","6.24","0.0","Market Basket","14 oz","14 oz","No Image.jpg","","6"
"4845","Chips, Cookies & Snacks","Chips & Fruit Snacks","Chips & Pretzels","Food Should Taste Good","Food Should Taste Good Blue Corn Tortilla Chips, Gluten Free","","Food Should Taste Good Blue Corn Tortilla Chips, Gluten Free","4.69","0.0","Market Basket","5.5 oz","5.5 oz","No Image.jpg","","0"
"4827","Chips, Cookies & Snacks","Chips & Fruit Snacks","Chips & Pretzels","Cape Cod","Cape Cod Lightly Salted 60% Less Sodium","","Cape Cod Lightly Salted 60% Less Sodium","5.92","0.0","Market Basket","8 oz","8 oz","No Image.jpg","","0"
"5343","Chips, Cookies & Snacks","Cookies & Crackers","Cookies & Cakes","belVita","belVita Soft Filled Strawberry","","belVita Soft Filled Strawberry","4.69","0.0","Market Basket","8.8 oz","8.8 oz","No Image.jpg","","6"
"544","Laundry & Paper Goods","Laundry","Laundry Detergent","all","all stainlifters free clear detergent 4 Loads9","","all stainlifters free clear detergent 4 Loads9","13.11","1.0","Market Basket","141 fl oz","141 fl oz","No Image.jpg","","15"
"5956","Beverages & Juices","Cocoa & Drink Mixes","Cocoa & Drink Mixes","Mr & Mrs T","Mr & Mrs T Horseradish Bloody Mary Mix","","Mr & Mrs T Horseradish Bloody Mary Mix","4.99","0.0","Market Basket","1 L","1 L","No Image.jpg","","17"
"502","Laundry & Paper Goods","Laundry","Laundry Detergent","Tide","Tide Plus Febreeze freshness botanical rain 69 Loads","","Tide Plus Febreeze freshness botanical rain 69 Loads","14.99","1.0","Market Basket","92 fl oz","92 fl oz","No Image.jpg","","15"
"5347","Chips, Cookies & Snacks","Cookies & Crackers","Cookies & Cakes","belVita","belVita Golden Oat Breakfast Biscuits","","belVita Golden Oat Breakfast Biscuits","4.69","0.0","Market Basket","8.8 oz","8.8 oz","No Image.jpg","","6"
"5990","Beverages & Juices","Cocoa & Drink Mixes","Cocoa & Drink Mixes","Master of Mixes","Master of Mixes Margarita Mixer","","Master of Mixes Margarita Mixer","7.49","0.0","Market Basket","1.75 L","1.75 L","No Image.jpg","","17"
"8993","Condiments & Dressings","Preserved Dips & Spreads","Spreads","Jif","Jif Whipped Peanut Butter","","Jif Whipped Peanut Butter","3.69","0.0","Market Basket","15 oz","15 oz","No Image.jpg","","3"
"4108","Meat & Seafood","Meat & Seafood Counter","Chicken","Bell & Evans","Bell & Evans Chicken","","Bell & Evans Chicken","14.09","0.0","Market Basket","1 lb","1 lb","No Image.jpg","","22"
"5314","Chips, Cookies & Snacks","Cookies & Crackers","Cookies & Cakes","Oreo","Mint Creme Oreo Family Size","","Mint Creme Oreo Family Size","5.47","0.0","Market Basket","566 g","566 g","No Image.jpg","","6"
"5982","Beverages & Juices","Cocoa & Drink Mixes","Cocoa & Drink Mixes","Master of Mixes","Master of Mixes Agave Syrup","","Master of Mixes Agave Syrup","3.74","0.0","Market Basket","375 ml","375 ml","No Image.jpg","","17"
"6076","Beverages & Juices","Soft Drinks & Seltzers","Soft Drinks","Green Cola","Green Cola No Sugar","","Green Cola No Sugar","2.5","0.0","Market Basket","67.6 fl oz","67.6 fl oz","No Image.jpg","","17"
"6102","Beverages & Juices","Soft Drinks & Seltzers","Soft Drinks","Coca-Cola","Coca Cola Caffeine Free Diet Coke Box of Cans","","Coca Cola Caffeine Free Diet Coke Box of Cans","6.86","0.0","Market Basket","12 x 12 fl oz","12 x 12 fl oz","No Image.jpg","","17"
"6068","Beverages & Juices","Ginger Ale & Ginger Beer","Ginger Ale","Canada Dry","Canada Dry Diet Ginger Ale","","Canada Dry Diet Ginger Ale","6.86","0.0","Market Basket","12 x 12 fl oz","12 x 12 fl oz","No Image.jpg","","17"
"6501","Chips, Cookies & Snacks","Nuts, Seeds & Dried Fruit","Nuts, Seeds & Dried Fruit","Blue Diamond","Blue Diamond Wasabi & Soy Sauce Flavored Almonds","","Blue Diamond Wasabi & Soy Sauce Flavored Almonds","9.99","0.0","Market Basket","16 oz","16 oz","No Image.jpg","","6"
"6466","Chips, Cookies & Snacks","Nuts, Seeds & Dried Fruit","Nuts, Seeds & Dried Fruit","Planters","Planters Lightly Salted Cocktail Peanuts","","Planters Lightly Salted Cocktail Peanuts","3.74","0.0","Market Basket","16 oz","16 oz","No Image.jpg","","6"
"5026","Chips, Cookies & Snacks","Chips & Fruit Snacks","Ready Popcorn","Wise","Wise Popcorn 30% Reduced Fat Sea Salt","","Wise Popcorn 30% Reduced Fat Sea Salt","3.91","0.0","Market Basket","6 oz","6 oz","No Image.jpg","","0"
"5014","Chips, Cookies & Snacks","Chips & Fruit Snacks","Ready Popcorn","Utz","Utz Premium White Cheddar Popcorn","","Utz Premium White Cheddar Popcorn","3.91","0.0","Market Basket","6.5 oz","6.5 oz","No Image.jpg","","0"
"3874","Fresh Produce","Fresh Vegetables","Lemon","Market Basket","Lemon Sunkist Lemons","","Lemon Sunkist Lemons","0.76","0.0","Market Basket","1 count","1 count","No Image.jpg","","20"
"522","Laundry & Paper Goods","Laundry","Laundry Detergent","Arm & Hammer","Arm & Hammer Clean& Simple Laundry Detergent Crisp Clean","","Arm & Hammer Clean& Simple Laundry Detergent Crisp Clean","4.99","1.0","Market Basket","43.75 fl oz","43.75 fl oz","No Image.jpg","","15"
"14699","Personal Care","Body Wash, Soap & Hair Care","Body Wash","Ivory","Ivory Simply Ivory Body Wash","","Ivory Simply Ivory Body Wash","3.21","1.0","Market Basket","12 oz","12 oz","No Image.jpg","","13"
"5946","Beverages & Juices","Cocoa & Drink Mixes","Cocoa & Drink Mixes","Finest Call","Finest Call Premium Margarita Mix","","Finest Call Premium Margarita Mix","4.99","0.0","Market Basket","33.8 fl oz","33.8 fl oz","No Image.jpg","","17"
"5896","Beverages & Juices","Tea, Coffee, Milk & Coconut Water","Single To-Go Coffee","StarBucks","Starbucks Tripleshot Energy Cafe Mocha","","Starbucks Tripleshot Energy Cafe Mocha","3.36","0.0","Market Basket","15 fl oz","15 fl oz","No Image.jpg","","17"
"5372","Chips, Cookies & Snacks","Cookies & Crackers","Cookies & Cakes","Enjoy Life","Enjoy Life Soft Baked Cookies Chocolate Chip","","Enjoy Life Soft Baked Cookies Chocolate Chip","6.23","0.0","Market Basket","6 oz","6 oz","No Image.jpg","","6"
"456","Laundry & Paper Goods","Laundry","Laundry Detergent","Meyer","Meyer's Clean Day Laundry Detergent Lavender","","Meyer's Clean Day Laundry Detergent Lavender","17.49","1.0","Market Basket","64 fl oz","64 fl oz","No Image.jpg","","15"
"6016","Beverages & Juices","Energy & Sports Drinks","Energy & Sports Drinks","Red Bull","Red Bull The Orange Edition - Tangerine","","Red Bull The Orange Edition - Tangerine","9.36","0.0","Market Basket","4 x 8.4 fl oz","4 x 8.4 fl oz","No Image.jpg","","17"
"6394","Beverages & Juices","Soft Drinks & Seltzers","Seltzer","Polar","Polar Seltzer Starfruit Lemonade","","Polar Seltzer Starfruit Lemonade","4.18","0.0","Market Basket","8 x 12 fl oz","8 x 12 fl oz","No Image.jpg","","11"
"5966","Beverages & Juices","Cocoa & Drink Mixes","Cocoa & Drink Mixes","Lipton","Lipton Iced Tea Lemon","","Lipton Iced Tea Lemon","4.99","0.0","Market Basket","23.6 oz","23.6 oz","No Image.jpg","","17"
"196","Kitchen & Cleaning","Cleaning Products","Scrub Bob","Butler Gum","Butler Gum Copper Heavy Duty Scrub Bob","","Butler Gum Copper Heavy Duty Scrub Bob","2.79","1.0","Market Basket","1 count","1 count","No Image.jpg","","15"
"4918","Chips, Cookies & Snacks","Chips & Fruit Snacks","Chips & Pretzels","Ruffles","Ruffles Baked Cheddar & Sour Cream","","Ruffles Baked Cheddar & Sour Cream","5.14","0.0","Market Basket","6.25 oz","6.25 oz","No Image.jpg","","0"
"6517","Chips, Cookies & Snacks","Nuts, Seeds & Dried Fruit","Nuts, Seeds & Dried Fruit","Second Nature","Second Nature Dark Chocolate Medley","","Second Nature Dark Chocolate Medley","6.24","0.0","Market Basket","12 oz","12 oz","No Image.jpg","","6"
"4365","Meat & Seafood","Meat & Seafood Counter","Steak","Thin 'n Trim","Thin 'n Trim Thin Cut Bottom Round Steak","","Thin 'n Trim Thin Cut Bottom Round Steak","7.39","0.0","Market Basket","1 lb","1 lb","No Image.jpg","","1"
"6177","Beverages & Juices","Soft Drinks & Seltzers","Soft Drinks","Pepsi","Pepsi Original","","Pepsi Original","1.49","0.0","Market Basket","1.25 L","1.25 L","No Image.jpg","","17"
"5913","Beverages & Juices","Tea, Coffee, Milk & Coconut Water","Single To-Go Coffee","StarBucks","Starbucks Frappuccino Mocha Bottles 4 Pack","","Starbucks Frappuccino Mocha Bottles 4 Pack","6.24","0.0","Market Basket","4 x 9.5 fl oz","4 x 9.5 fl oz","No Image.jpg","","17"
"478","Laundry & Paper Goods","Laundry","Laundry Detergent","Purex Liquid Detergents","Purex Detergent Odor Release 43 Loads","","Purex Detergent Odor Release 43 Loads","3.74","1.0","Market Basket","65 fl oz","65 fl oz","No Image.jpg","","15"
"4929","Chips, Cookies & Snacks","Chips & Fruit Snacks","Chips & Pretzels","Smartfood","Smartfood White Cheddar","","Smartfood White Cheddar","6.23","0.0","Market Basket","10 x 0.62 oz","10 x 0.62 oz","No Image.jpg","","0"
"6502","Chips, Cookies & Snacks","Nuts, Seeds & Dried Fruit","Nuts, Seeds & Dried Fruit","Blue Diamond","Blue Diamond Toasted Coconut Oven Roasted Almonds","","Blue Diamond Toasted Coconut Oven Roasted Almonds","9.99","0.0","Market Basket","14 oz","14 oz","No Image.jpg","","6"
"6048","Beverages & Juices","Juices & Refrigerated Drinks","Juice & Nectars","Kool-Aid","Kool Aid Tropical Punch","","Kool Aid Tropical Punch","3.36","0.0","Market Basket","19 oz","19 oz","No Image.jpg","","17"
"5177","Chips, Cookies & Snacks","Cookies & Crackers","Crackers","Good Thins","Good Thins Sea Salt Rice Snacks Gluten Free","","Good Thins Sea Salt Rice Snacks Gluten Free","5.47","0.0","Market Basket","3.5 oz","3.5 oz","No Image.jpg","","6"
"5010","Chips, Cookies & Snacks","Chips & Fruit Snacks","Chips & Pretzels","Utz","Utz Siurdough Nuggets Pretzels","","Utz Siurdough Nuggets Pretzels","4.69","0.0","Market Basket","16 oz","16 oz","No Image.jpg","","0"
"6379","Beverages & Juices","Water","Sparkling Water","Polar","Polar Vanilla Sparkling Water","","Polar Vanilla Sparkling Water","1.24","0.0","Market Basket","1 L","1 L","No Image.jpg","","11"
"459","Laundry & Paper Goods","Laundry","Laundry Detergent","Sun","Sun Triple Clean plus OXI original fresh 28 medium loads laundry detergent","","Sun Triple Clean plus OXI original fresh 28 medium loads laundry detergent","2.49","1.0","Market Basket","45.4 fl oz","45.4 fl oz","No Image.jpg","","15"
"5175","Chips, Cookies & Snacks","Cookies & Crackers","Crackers","Dare","Dare Breton Black Bean With Onion & Garlic Gluten Free","","Dare Breton Black Bean With Onion & Garlic Gluten Free","3.13","0.0","Market Basket","4.76 oz","4.76 oz","No Image.jpg","","6"
"6347","Beverages & Juices","Ginger Ale & Ginger Beer","Ginger Ale","Polar","Polar Zero Sugar Ginger Ale Soda","","Polar Zero Sugar Ginger Ale Soda","1.74","0.0","Market Basket","2 L","2 L","No Image.jpg","","11"
"6409","Beverages & Juices","Water","Sparkling Water","Spindrift","Spindrift Sparkling Water Lemon & Brewed Black Tea","","Spindrift Sparkling Water Lemon & Brewed Black Tea","6.24","0.0","Market Basket","8 x 12 fl oz","8 x 12 fl oz","No Image.jpg","","11"
"5127","Chips, Cookies & Snacks","Cookies & Crackers","Cookies & Cakes","Pepperidge Farm Milano","Pepperidge Farm Milano Mint Chocolate Cookies","","Pepperidge Farm Milano Mint Chocolate Cookies","6.23","0.0","Market Basket","9.5 oz","9.5 oz","No Image.jpg","","6"
"541","Laundry & Paper Goods","Laundry","Laundry Detergent","all","all stainlifters original detergent 100 Loads","","all stainlifters original detergent 100 Loads","13.11","1.0","Market Basket","150 fl oz","150 fl oz","No Image.jpg","","15"
"6223","Beverages & Juices","Soft Drinks & Seltzers","Seltzer","Adirondack","Adirondack Beverages Seltzer, Original","","Adirondack Beverages Seltzer, Original","2.5","0.0","Market Basket","8 x 12 fl oz","8 x 12 fl oz","No Image.jpg","","11"
"3738","Fresh Produce","Fresh Herbs","Basil","Infinite Herbs","Infinite Herbs Sleeved Basil Bunch","","Infinite Herbs Sleeved Basil Bunch","3.78","0.0","Market Basket","1 count","1 count","No Image.jpg","","20"
"6320","Beverages & Juices","Soft Drinks & Seltzers","Seltzer","Polar","Polar Seltzer Unicorn Kisses","","Polar Seltzer Unicorn Kisses","3.74","0.0","Market Basket","6 x 8 fl oz","6 x 8 fl oz","No Image.jpg","","11"
"6274","Beverages & Juices","Water","Water","Glaceau","Glaceau Smart Water","","Glaceau Smart Water","1.24","0.0","Market Basket","23.7 fl oz","23.7 fl oz","No Image.jpg","","11"
"6504","Chips, Cookies & Snacks","Nuts, Seeds & Dried Fruit","Nuts, Seeds & Dried Fruit","Blue Diamond","Blue Diamond Oven Roasted Almonds","","Blue Diamond Oven Roasted Almonds","9.99","0.0","Market Basket","14 oz","14 oz","No Image.jpg","","6"
"481","Laundry & Paper Goods","Laundry","Laundry Detergent","Purex Liquid Detergents","Purex Concentrated Detergent After the Rain 115 loads","","Purex Concentrated Detergent After the Rain 115 loads","9.99","1.0","Market Basket","150 fl oz","150 fl oz","No Image.jpg","","15"
"6383","Beverages & Juices","Water","Sparkling Water","Polar","Polar Kiwi Pink Grapefruit Sparkling Water","","Polar Kiwi Pink Grapefruit Sparkling Water","1.24","0.0","Market Basket","1 L","1 L","No Image.jpg","","11"
"5881","Beverages & Juices","Cocoa & Drink Mixes","Cocoa & Drink Mixes","4C","4C Ice Tea Mix Decaffeinated","","4C Ice Tea Mix Decaffeinated","1.88","0.0","Market Basket","13.9 oz","13.9 oz","No Image.jpg","","17"
"8323","Condiments & Dressings","Fresh Dips & Tapenades","Fresh Dips & Tapenades","Luisa's","Luisa's Black Bean Taco Layered Fiesta Dip","","Luisa's Black Bean Taco Layered Fiesta Dip","3.69","0.0","Market Basket","18.5 oz","18.5 oz","No Image.jpg","","1"
"587","Laundry & Paper Goods","Laundry","Scent Booster","Snuggle","Snuggle Scent Shakes Scent Booster Original","","Snuggle Scent Shakes Scent Booster Original","5.61","1.0","Market Basket","255 g","255 g","No Image.jpg","","15"
"6312","Beverages & Juices","Water","Sparkling Water","Poland Spring","Poland Spring Sparkling Water, Simply Bubbles","","Poland Spring Sparkling Water, Simply Bubbles","3.74","0.0","Market Basket","8 x 16.9 fl oz","8 x 16.9 fl oz","No Image.jpg","","11"
"5893","Beverages & Juices","Tea, Coffee, Milk & Coconut Water","Single To-Go Coffee","StarBucks","Starbucks Doubleshot Americano Cans 4 Pack","","Starbucks Doubleshot Americano Cans 4 Pack","3.11","0.0","Market Basket","4 x 6.5 fl oz","4 x 6.5 fl oz","No Image.jpg","","17"
"4524","Meat & Seafood","Lunch Meat","Ham","San Daniele","Prosciutto Di San Daniele Dan Daniele Ham","","Prosciutto Di San Daniele Dan Daniele Ham","9.79","0.0","Market Basket","4 oz","4 oz","No Image.jpg","","22"
"6558","Chips, Cookies & Snacks","Chips & Fruit Snacks","Rice Cake","Suzie's","Suzie's Thin Puffed Cakes Quinoa & Flax","","Suzie's Thin Puffed Cakes Quinoa & Flax","3.13","0.0","Market Basket","4.6 oz","4.6 oz","No Image.jpg","","19"
"5057","Chips, Cookies & Snacks","Cookies & Crackers","Cookies & Cakes","Keebler","Keebler Fudge Sticks Fudge Covered Creme Wafer","","Keebler Fudge Sticks Fudge Covered Creme Wafer","3.91","0.0","Market Basket","8.5 oz","8.5 oz","No Image.jpg","","6"
"5165","Chips, Cookies & Snacks","Cookies & Crackers","Crackers","Carr's","Carr's Entertainment Cracker Collection","","Carr's Entertainment Cracker Collection","4.69","0.0","Market Basket","7.5 oz","7.5 oz","No Image.jpg","","6"
"4880","Chips, Cookies & Snacks","Chips & Fruit Snacks","Chips & Pretzels","Lay's","Lay's Limon","","Lay's Limon","3.91","0.0","Market Basket","7.75 oz","7.75 oz","No Image.jpg","","0"
"4140","Meat & Seafood","Meat & Seafood Counter","Codfish","Gonsalves","Gonsalves Choice Bone In Salted Codfish","","Gonsalves Choice Bone In Salted Codfish","8.59","0.0","Market Basket","1 lb","1 lb","No Image.jpg","","22"
"6359","Beverages & Juices","Ginger Ale & Ginger Beer","Ginger Ale","Polar","Polar Premium Ginger Ale","","Polar Premium Ginger Ale","1.49","0.0","Market Basket","1 L","1 L","No Image.jpg","","11"
"7403","Cooking Needs","Canned Food","Canned & Jarred Vegetables","CHI-CHI'S","Chi Chi's Diced Fiesta Green Chilis","","Chi Chi's Diced Fiesta Green Chilis","1.29","0.0","Market Basket","4 oz","4 oz","No Image.jpg","","9"
"12698","Breakfast & Dairy","Breads & Rolls","Bread","Jessica's Brick Oven Bakery","Jessica's Brick Oven Honey Sunflower Tuscan","","Jessica's Brick Oven Honey Sunflower Tuscan","3.29","0.0","Market Basket","1.25 lb","1.25 lb","No Image.jpg","","18"
"6331","Beverages & Juices","Ginger Ale & Ginger Beer","Ginger Ale","Polar","Polar Diet Zero Sugar Ginger Ale Cans","","Polar Diet Zero Sugar Ginger Ale Cans","3.74","0.0","Market Basket","6 x 7.5 fl oz","6 x 7.5 fl oz","No Image.jpg","","17"
"5224","Chips, Cookies & Snacks","Cookies & Crackers","Crackers","Nabisco","Nabisco Wheat Thins Crackers, Hint of Salt","","Nabisco Wheat Thins Crackers, Hint of Salt","3.91","0.0","Market Basket","9.1 oz","9.1 oz","No Image.jpg","","6"
"627","Laundry & Paper Goods","Paper Goods","Wipes","Scotties","Scotties Pocket Packs ultra plush","","Scotties Pocket Packs ultra plush","1.88","1.0","Market Basket","8 count","8 count","No Image.jpg","","14"
"5256","Chips, Cookies & Snacks","Chips & Fruit Snacks","Chips & Pretzels","LATE JULY","LATE JULY Organic Sea Salt Dippers Tortilla Chips","","LATE JULY Organic Sea Salt Dippers Tortilla Chips","4.69","0.0","Market Basket","8 oz","8 oz","No Image.jpg","","0"
"5937","Beverages & Juices","Cocoa & Drink Mixes","Cocoa & Drink Mixes","Suckerpunch","Suckerpunch Gourmet Spicy Bloody Mary Mix","","Suckerpunch Gourmet Spicy Bloody Mary Mix","6.24","0.0","Market Basket","32 fl oz","32 fl oz","No Image.jpg","","17"
"6269","Beverages & Juices","Water","Water","Glaceau","Glaceau Vapor Distilled Premium Water Bottle","","Glaceau Vapor Distilled Premium Water Bottle","9.99","0.0","Market Basket","6 x 1 L","6 x 1 L","No Image.jpg","","11"
"4151","Meat & Seafood","Meat & Seafood Counter","Ham","Krakus","Krakus Polish Ham","","Krakus Polish Ham","7.39","0.0","Market Basket","1 lb","1 lb","No Image.jpg","","22"
"4199","Meat & Seafood","Packaged Meat & Seafood","Chicken Breast","Harvestland","Harvestland Chicken Breast","","Harvestland Chicken Breast","6.09","0.0","Market Basket","1 lb","1 lb","No Image.jpg","","22"
"5887","Beverages & Juices","Tea, Coffee, Milk & Coconut Water","Single To-Go Coffee","Dunkin' Donuts","Dunkin' Donuts Original Iced Coffee","","Dunkin' Donuts Original Iced Coffee","3.13","0.0","Market Basket","13.7 fl oz","13.7 fl oz","No Image.jpg","","17"
"5952","Beverages & Juices","Cocoa & Drink Mixes","Cocoa & Drink Mixes","Mr & Mrs T","Mr & Mrs T Whiskey Sour Mix","","Mr & Mrs T Whiskey Sour Mix","4.99","0.0","Market Basket","1 L","1 L","No Image.jpg","","17"
"5011","Chips, Cookies & Snacks","Chips & Fruit Snacks","Ready Popcorn","Utz","Utz Popcorn Cheese","","Utz Popcorn Cheese","3.91","0.0","Market Basket","6.5 oz","6.5 oz","No Image.jpg","","0"
"8356","Condiments & Dressings","Honey, Syrup & Nectars","Syrup","Coffee Time","Coffee Time Coffee Syrup","","Coffee Time Coffee Syrup","2.99","0.0","Market Basket","16 oz","16 oz","No Image.jpg","","3"
"6279","Beverages & Juices","Water","Water","Glaceau","Glaceau Smart Water Watermelon Mint","","Glaceau Smart Water Watermelon Mint","1.24","0.0","Market Basket","33.8 fl oz","33.8 fl oz","No Image.jpg","","11"
"5627","Chips, Cookies & Snacks","Chips & Fruit Snacks","Fruit & Vegetable Snacks","Pacific","Pacific Celery Sticks","","Pacific Celery Sticks","2.49","0.0","Market Basket","1 lb","1 lb","No Image.jpg","","20"
"4281","Meat & Seafood","Packaged Meat & Seafood","Turkey","Butterball","Butterball Turkey","","Butterball Turkey","26.99","0.0","Market Basket","9 lb","9 lb","No Image.jpg","","22"
"461","Laundry & Paper Goods","Laundry","Laundry Detergent","Sun","Sun Triple Clean Odor Release 134 medium loads laundry detergent","","Sun Triple Clean Odor Release 134 medium loads laundry detergent","7.49","1.0","Market Basket","188 fl oz","188 fl oz","No Image.jpg","","15"
"14905","Personal Care","Feminine Care","Tampon","O.B.","O.B. Pro Comfort Super Tampons","","O.B. Pro Comfort Super Tampons","5.62","1.0","Market Basket","18 count","18 count","No Image.jpg","","13"
"5401","Chips, Cookies & Snacks","Cookies & Crackers","Crackers","Back to Nature","Back to Nature Crispy Wheat Crackers","","Back to Nature Crispy Wheat Crackers","6.23","0.0","Market Basket","8 oz","8 oz","No Image.jpg","","6"
"5306","Chips, Cookies & Snacks","Cookies & Crackers","Crackers","Nabisco","Nabisco Ginger Snaps","","Nabisco Ginger Snaps","7.17","0.0","Market Basket","1 lb","1 lb","No Image.jpg","","6"
"6065","Beverages & Juices","Soft Drinks & Seltzers","Soft Drinks","Brisk","Brisk Lemon Iced Tea Box of Cans","","Brisk Lemon Iced Tea Box of Cans","5.63","0.0","Market Basket","12 x 12 fl oz","12 x 12 fl oz","No Image.jpg","","17"
"128","Kitchen & Cleaning","Cleaning Products","Mop","Butler Gum","Butler Gum Squeeze Mop With Scrubber Refill","","Butler Gum Squeeze Mop With Scrubber Refill","4.89","1.0","Market Basket","1 count","1 count","No Image.jpg","","15"
"525","Laundry & Paper Goods","Laundry","Laundry Detergent","Arm & Hammer","Arm & Hammer Sensitive Skin fresh & Clear 32 Loads Laundry Detergent","","Arm & Hammer Sensitive Skin fresh & Clear 32 Loads Laundry Detergent","4.99","1.0","Market Basket","50 fl oz","50 fl oz","No Image.jpg","","15"
"7230","Cooking Needs","Spices & Seasonings","Spices & Seasonings","Infinite Herbs","Infinite Herbs Holiday Ham Blend","","Infinite Herbs Holiday Ham Blend","3.69","0.0","Market Basket","3 oz","3 oz","No Image.jpg","","9"
"5242","Chips, Cookies & Snacks","Chips & Fruit Snacks","Chips & Pretzels","LATE JULY","LATE JULY Organic Sea Salt & Lime Restaurant Style Tortilla Chips","","LATE JULY Organic Sea Salt & Lime Restaurant Style Tortilla Chips","4.69","0.0","Market Basket","11 oz","11 oz","No Image.jpg","","0"
"5977","Beverages & Juices","Cocoa & Drink Mixes","Cocoa & Drink Mixes","Master of Mixes","Master of Mixes Sweetened Lime Juice","","Master of Mixes Sweetened Lime Juice","3.74","0.0","Market Basket","375 ml","375 ml","No Image.jpg","","17"
"6049","Beverages & Juices","Juices & Refrigerated Drinks","Juice & Nectars","Minute Maid","Minute Maid Pink Lemonade Made with Real Lemons","","Minute Maid Pink Lemonade Made with Real Lemons","6.86","0.0","Market Basket","12 x 12 fl oz","12 x 12 fl oz","No Image.jpg","","17"
"5351","Chips, Cookies & Snacks","Cookies & Crackers","Cookies & Cakes","belVita","belVita Blueberry Breakfast Biscuits","","belVita Blueberry Breakfast Biscuits","4.69","0.0","Market Basket","8.8 oz","8.8 oz","No Image.jpg","","6"
"5295","Chips, Cookies & Snacks","Cookies & Crackers","Crackers","Ritz","Ritz Toasted Chips 55% Less Fat Original","","Ritz Toasted Chips 55% Less Fat Original","3.91","0.0","Market Basket","8.1 oz","8.1 oz","No Image.jpg","","6"
"5943","Beverages & Juices","Cocoa & Drink Mixes","Cocoa & Drink Mixes","Cocktail Artist","Cocktail Artist Margarita Premium Mix","","Cocktail Artist Margarita Premium Mix","6.24","0.0","Market Basket","1 L","1 L","No Image.jpg","","17"
"5953","Beverages & Juices","Cocoa & Drink Mixes","Cocoa & Drink Mixes","Mr & Mrs T","Mr & Mrs T Original Margarita Mix","","Mr & Mrs T Original Margarita Mix","4.99","0.0","Market Basket","1 L","1 L","No Image.jpg","","17"
"5387","Chips, Cookies & Snacks","Cookies & Crackers","Crackers","Kame","Kame Rice Crackers Original","","Kame Rice Crackers Original","4.67","0.0","Market Basket","3.5 oz","3.5 oz","No Image.jpg","","6"
"5932","Beverages & Juices","Tea, Coffee, Milk & Coconut Water","Single To-Go Coffee","Loco Coffee Co.","Loco Coffee Co. Maple Cold Brew Coffee + Coconut Water","","Loco Coffee Co. Maple Cold Brew Coffee + Coconut Water","3.74","0.0","Market Basket","12 fl oz","12 fl oz","No Image.jpg","","17"
"5892","Beverages & Juices","Tea, Coffee, Milk & Coconut Water","Single To-Go Coffee","StarBucks","Starbucks Doubleshot Espresso Cans 4 Pack","","Starbucks Doubleshot Espresso Cans 4 Pack","3.11","0.0","Market Basket","4 x 6.5 fl oz","4 x 6.5 fl oz","No Image.jpg","","17"
"5132","Chips, Cookies & Snacks","Cookies & Crackers","Cookies & Cakes","Pepperidge Farm","Pepperidge Farm Pumpkin Spiced Cookies","","Pepperidge Farm Pumpkin Spiced Cookies","4.69","0.0","Market Basket","7 oz","7 oz","No Image.jpg","","6"
"549","Laundry & Paper Goods","Laundry","Laundry Detergent","Gain","Gain Fireworks in wash scent moonlight breeze Laundry Detergent","","Gain Fireworks in wash scent moonlight breeze Laundry Detergent","8.74","1.0","Market Basket","285 g","285 g","No Image.jpg","","15"
"10601","Pasta & Sauces","Pasta Sauce","Pasta Sauce","McCormick","McCormick Hot Shot Extra Bold Pepper Blend","","McCormick Hot Shot Extra Bold Pepper Blend","0.89","0.0","Market Basket","2.62 oz","2.62 oz","No Image.jpg","","4"
"6268","Beverages & Juices","Water","Water","Glaceau","Glaceau Vapor Distilled Premium Water Bottle","","Glaceau Vapor Distilled Premium Water Bottle","16.24","0.0","Market Basket","12 x 1 L","12 x 1 L","No Image.jpg","","11"
"5243","Chips, Cookies & Snacks","Chips & Fruit Snacks","Chips & Pretzels","LATE JULY","LATE JULY Organic Chia & Quinoa Restaurant Style Tortilla Chips","","LATE JULY Organic Chia & Quinoa Restaurant Style Tortilla Chips","4.69","0.0","Market Basket","11 oz","11 oz","No Image.jpg","","0"
"621","Laundry & Paper Goods","Paper Goods","Wipes","Kleenex","Kleenex ultra soft","","Kleenex ultra soft","7.49","1.0","Market Basket","4 boxes","4 boxes","No Image.jpg","","14"
"4855","Chips, Cookies & Snacks","Chips & Fruit Snacks","Chips & Pretzels","Frito Lay's","Frito Lay's Classic Mix Party Size 28 Pack","","Frito Lay's Classic Mix Party Size 28 Pack","17.17","0.0","Market Basket","28 x 1 oz","28 x 1 oz","No Image.jpg","","0"
"14904","Personal Care","Feminine Care","Tampon","O.B.","O.B. Pro Comfort Regular Tampons","","O.B. Pro Comfort Regular Tampons","5.62","1.0","Market Basket","18 count","18 count","No Image.jpg","","13"
"5015","Chips, Cookies & Snacks","Chips & Fruit Snacks","Ready Popcorn","Utz","Utz Caramel Popcorn With Peanuts","","Utz Caramel Popcorn With Peanuts","3.91","0.0","Market Basket","7 oz","7 oz","No Image.jpg","","0"
"3902","Fresh Produce","Fresh Vegetables","Onion","Vidalia","Vidalia Sweet Onions","","Vidalia Sweet Onions","6.59","0.0","Market Basket","2 lb","2 lb","No Image.jpg","","20"
"6195","Beverages & Juices","Soft Drinks & Seltzers","Soft Drinks","7 up","7 Up Lemon Lime","","7 Up Lemon Lime","2.11","0.0","Market Basket","2 L","2 L","No Image.jpg","","17"
"6116","Beverages & Juices","Soft Drinks & Seltzers","Soft Drinks","Dr Pepper","Dr Pepper Diet Soda","","Dr Pepper Diet Soda","5.0","0.0","Market Basket","6 x 16.9 fl oz","6 x 16.9 fl oz","No Image.jpg","","17"
"6551","Chips, Cookies & Snacks","Nuts, Seeds & Dried Fruit","Nuts, Seeds & Dried Fruit","Ocean Spray","Ocean Spray Greek Yogurt Cranberry Bites","","Ocean Spray Greek Yogurt Cranberry Bites","2.49","0.0","Market Basket","5 oz","5 oz","No Image.jpg","","6"
"4019","Fresh Produce","Fresh Vegetables","Tomato","Market Basket","Backyard Cluster Tomatoes","","Backyard Cluster Tomatoes","3.29","0.0","Market Basket","1 lb","1 lb","No Image.jpg","","20"
"510","Laundry & Paper Goods","Laundry","Laundry Detergent","Mrs Stewarts","Mrs Stewarts Concentrated Liquid Bluing Laundry Detergent","","Mrs Stewarts Concentrated Liquid Bluing Laundry Detergent","2.49","1.0","Market Basket","8 fl oz","8 fl oz","No Image.jpg","","15"
"5197","Chips, Cookies & Snacks","Cookies & Crackers","Crackers","Milton's","Milton's Craft Bakers Gluten Free Baked Crackers Dire Roasted Vegetables","","Milton's Craft Bakers Gluten Free Baked Crackers Dire Roasted Vegetables","3.91","0.0","Market Basket","4.5 oz","4.5 oz","No Image.jpg","","6"
"5270","Chips, Cookies & Snacks","Chips & Fruit Snacks","Chips & Pretzels","Good Health","Good Health Veggie Chips Monster Shaped","","Good Health Veggie Chips Monster Shaped","4.69","0.0","Market Basket","6.25 oz","6.25 oz","No Image.jpg","","0"
"536","Laundry & Paper Goods","Laundry","Laundry Detergent","all","all stainlifters original detergent 66 Loads Laundry Detergent","","all stainlifters original detergent 66 Loads Laundry Detergent","10.61","1.0","Market Basket","100 fl oz","100 fl oz","No Image.jpg","","15"
"5058","Chips, Cookies & Snacks","Cookies & Crackers","Cookies & Cakes","Keebler","Keebler Disnep Frozen II Graham Snacks Honey","","Keebler Disnep Frozen II Graham Snacks Honey","6.23","0.0","Market Basket","12 x 0.78 oz","12 x 0.78 oz","No Image.jpg","","6"
"4986","Chips, Cookies & Snacks","Chips & Fruit Snacks","Chips & Pretzels","Utz","Utz Kettle Classic Smokin Sweet Bbq Flavored Potato Chips","","Utz Kettle Classic Smokin Sweet Bbq Flavored Potato Chips","4.69","0.0","Market Basket","8 oz","8 oz","No Image.jpg","","0"
"6001","Beverages & Juices","Energy & Sports Drinks","Energy & Sports Drinks","Monster","Monster Energy Low Carb 10 Pack","","Monster Energy Low Carb 10 Pack","19.36","0.0","Market Basket","10 x 16 fl oz","10 x 16 fl oz","No Image.jpg","","17"
"6332","Beverages & Juices","Ginger Ale & Ginger Beer","Ginger Ale","Polar","Polar Premium Ginger Ale Cans","","Polar Premium Ginger Ale Cans","3.74","0.0","Market Basket","6 x 7.5 fl oz","6 x 7.5 fl oz","No Image.jpg","","11"
"6314","Beverages & Juices","Water","Sparkling Water","Poland Spring","Poland Spring Sparkling Water, Lemon Lime","","Poland Spring Sparkling Water, Lemon Lime","3.74","0.0","Market Basket","8 x 12 fl oz","8 x 12 fl oz","No Image.jpg","","11"
"563","Laundry & Paper Goods","Laundry","Laundry Detergent","Era","Era OXIBooster Detergent","","Era OXIBooster Detergent","14.99","1.0","Market Basket","50 fl oz","50 fl oz","No Image.jpg","","15"
"580","Laundry & Paper Goods","Laundry","Scent Booster","Downy","Downy Unstoppables inwash scent booster Lush Somptueux","","Downy Unstoppables inwash scent booster Lush Somptueux","8.74","1.0","Market Basket","285 g","285 g","No Image.jpg","","15"
"6473","Chips, Cookies & Snacks","Nuts, Seeds & Dried Fruit","Nuts, Seeds & Dried Fruit","Planters","Planters Wholesome Nut Mix","","Planters Wholesome Nut Mix","6.24","0.0","Market Basket","9.75 oz","9.75 oz","No Image.jpg","","6"
"4576","Meat & Seafood","Lunch Meat","Salami","Tropical","Tropical Smoked Cooked Salami Original","","Tropical Smoked Cooked Salami Original","4.39","0.0","Market Basket","16 oz","16 oz","No Image.jpg","","22"
"5994","Beverages & Juices","Energy & Sports Drinks","Energy & Sports Drinks","Gatorade","Gatorade Instant Powder Mix Lemon Lime","","Gatorade Instant Powder Mix Lemon Lime","3.74","0.0","Market Basket","8 x 1.23 oz","8 x 1.23 oz","No Image.jpg","","17"
"3429","Fresh Produce","Fresh Fruits","Apple","Market Basket","Bag Red Delicious Apples","","Bag Red Delicious Apples","6.99","0.0","Market Basket","5 lb","5 lb","No Image.jpg","","20"
"4882","Chips, Cookies & Snacks","Chips & Fruit Snacks","Ready Popcorn","Lay's","Lay's Poppables Sea Salt & Vinegar Crispy Potato Bites","","Lay's Poppables Sea Salt & Vinegar Crispy Potato Bites","3.91","0.0","Market Basket","5 oz","5 oz","No Image.jpg","","0"
"4049","Meat & Seafood","Meat & Seafood Counter","Beef","Certified Angus Beef","Certified Angus Beef Cap Off London Broil","","Certified Angus Beef Cap Off London Broil","4.09","0.0","Market Basket","1 lb","1 lb","No Image.jpg","","22"
"6508","Chips, Cookies & Snacks","Nuts, Seeds & Dried Fruit","Nuts, Seeds & Dried Fruit","Emerald","Emerald Honey Glazed Cashews","","Emerald Honey Glazed Cashews","6.24","0.0","Market Basket","5 oz","5 oz","No Image.jpg","","6"
"6230","Beverages & Juices","Water","Sparkling Water","Aha","Aha Sparkling Water Black Cherry + Coffee","","Aha Sparkling Water Black Cherry + Coffee","4.18","0.0","Market Basket","8 x 12 fl oz","8 x 12 fl oz","No Image.jpg","","11"
"13799","Breakfast & Dairy","Dairy & Eggs","Packaged Cheese","Sargento","Sargento Reduced Fat Mozzarella Shredded Cheese","","Sargento Reduced Fat Mozzarella Shredded Cheese","3.29","0.0","Market Basket","8 oz","8 oz","No Image.jpg","","1"
"5693","Chips, Cookies & Snacks","Nuts, Seeds & Dried Fruit","Trail Mix & Snack Mix","River Queen","River Queen Mixed Nuts","","River Queen Mixed Nuts","6.09","0.0","Market Basket","13 oz","13 oz","No Image.jpg","","21"
"4878","Chips, Cookies & Snacks","Chips & Fruit Snacks","Chips & Pretzels","Lay's","Lay's Cheddar & Sour Cream","","Lay's Cheddar & Sour Cream","3.91","0.0","Market Basket","7.75 oz","7.75 oz","No Image.jpg","","0"
"6053","Beverages & Juices","Ice Pops","Ice Pops","Juicy Juice","Juicy Juice Freezer Pops","","Juicy Juice Freezer Pops","1.24","0.0","Market Basket","10 x 1 oz","10 x 1 oz","No Image.jpg","","17"
"6081","Beverages & Juices","Soft Drinks & Seltzers","Soft Drinks","Coca Cola","Coca Cola Diet Coke","","Coca Cola Diet Coke","5.0","0.0","Market Basket","6 x 16.9 fl oz","6 x 16.9 fl oz","No Image.jpg","","17"
"5290","Chips, Cookies & Snacks","Chips & Fruit Snacks","Chips & Pretzels","Pringles","Pringles Original Lunch 12 Pack","","Pringles Original Lunch 12 Pack","7.8","0.0","Market Basket","12 x 0.67 oz","12 x 0.67 oz","No Image.jpg","","0"
"554","Laundry & Paper Goods","Laundry","Laundry Detergent","Xtra","Xtra Detergent 128 Loads Lavender & Sweet Vanilla","","Xtra Detergent 128 Loads Lavender & Sweet Vanilla","7.49","1.0","Market Basket","192 fl oz","192 fl oz","No Image.jpg","","15"
"6207","Beverages & Juices","Soft Drinks & Seltzers","Soft Drinks","Sprite","Sprite Lemon Lime Soda No Caffeine Mini","","Sprite Lemon Lime Soda No Caffeine Mini","5.63","0.0","Market Basket","8 x 12 fl oz","8 x 12 fl oz","No Image.jpg","","17"
"3879","Fresh Produce","Fresh Vegetables","Lettuce","Market Basket","Iceberg Lettuce","","Iceberg Lettuce","1.88","0.0","Market Basket","1 count","1 count","No Image.jpg","","20"
"6397","Beverages & Juices","Soft Drinks & Seltzers","Seltzer","Polar","Polar Seltzer Watermelon Lemonade","","Polar Seltzer Watermelon Lemonade","4.18","0.0","Market Basket","8 x 12 fl oz","8 x 12 fl oz","No Image.jpg","","11"
"6471","Chips, Cookies & Snacks","Nuts, Seeds & Dried Fruit","Nuts, Seeds & Dried Fruit","Second Nature","Second Nature California Medley","","Second Nature California Medley","8.74","0.0","Market Basket","12.5 oz","12.5 oz","No Image.jpg","","6"
"3764","Fresh Produce","Fresh Herbs","Sage","HerbThyme Farms","HerbThyme Farms Sage","","HerbThyme Farms Sage","2.86","0.0","Market Basket","0.67 oz","0.67 oz","No Image.jpg","","20"
"6233","Beverages & Juices","Water","Sparkling Water","Bubly","Bubly Sparkling Water Cherry","","Bubly Sparkling Water Cherry","4.18","0.0","Market Basket","8 x 12 fl oz","8 x 12 fl oz","No Image.jpg","","11"
"6057","Beverages & Juices","Cocoa & Drink Mixes","Cocoa & Drink Mixes","Crystal Light","Crystal Light Strawberry Watermelon","","Crystal Light Strawberry Watermelon","3.75","0.0","Market Basket","1.85 oz","1.85 oz","No Image.jpg","","17"
"5309","Chips, Cookies & Snacks","Cookies & Crackers","Cookies & Cakes","Newman's Own","Newman's Own Vanilla Cookies","","Newman's Own Vanilla Cookies","3.91","0.0","Market Basket","8 oz","8 oz","No Image.jpg","","6"
"4194","Meat & Seafood","Packaged Meat & Seafood","Chicken Breast","Fresh","Harvestland All Natural Fresh Chicken Breasts","","Harvestland All Natural Fresh Chicken Breasts","6.39","0.0","Market Basket","1.16 lb","1.16 lb","No Image.jpg","","22"
"568","Laundry & Paper Goods","Laundry","Laundry Detergent","Downy","Ultra Downy cool cotton 120 Loads Laundry Detergent","","Ultra Downy cool cotton 120 Loads Laundry Detergent","11.24","1.0","Market Basket","3.06 L","3.06 L","No Image.jpg","","15"
"6344","Beverages & Juices","Ginger Ale & Ginger Beer","Ginger Ale","Polar","Polar Diet Ginger Ale Cans","","Polar Diet Ginger Ale Cans","4.99","0.0","Market Basket","12 x 12 fl oz","12 x 12 fl oz","No Image.jpg","","11"
"5904","Beverages & Juices","Tea, Coffee, Milk & Coconut Water","Single To-Go Coffee","StarBucks","Starbucks Frappuccino Caramel","","Starbucks Frappuccino Caramel","3.36","0.0","Market Basket","13.7 fl oz","13.7 fl oz","No Image.jpg","","17"
"5404","Chips, Cookies & Snacks","Cookies & Crackers","Crackers","Back to Nature","Back to Nature Organic Rosemary & Olive Oil Stoneground Wheat Cracker","","Back to Nature Organic Rosemary & Olive Oil Stoneground Wheat Cracker","6.23","0.0","Market Basket","6 oz","6 oz","No Image.jpg","","6"
"5411","Chips, Cookies & Snacks","Cookies & Crackers","Cookies & Cakes","Pepperidge Farm","Pepperidge Farm Mini Chocolate Chunk Dark Chocolate Cookies","","Pepperidge Farm Mini Chocolate Chunk Dark Chocolate Cookies","6.23","0.0","Market Basket","15.75 oz","15.75 oz","No Image.jpg","","6"
"6909","Cooking Needs","Baking & Cooking","Baking Ingredients","South Georgia Pecan Co.","South Georgia Pecan Halves, Bag","","South Georgia Pecan Halves, Bag","5.49","0.0","Market Basket","8 oz","8 oz","No Image.jpg","","8"
"6390","Beverages & Juices","Soft Drinks & Seltzers","Seltzer","Polar","Polar Seltzer Blueberry Lemonade","","Polar Seltzer Blueberry Lemonade","4.18","0.0","Market Basket","8 x 12 fl oz","8 x 12 fl oz","No Image.jpg","","11"
"6364","Beverages & Juices","Soft Drinks & Seltzers","Seltzer","Polar","Polar Seltzer Cranberry Lime","","Polar Seltzer Cranberry Lime","3.74","0.0","Market Basket","6 x 16.9 fl oz","6 x 16.9 fl oz","No Image.jpg","","11"
"485","Laundry & Paper Goods","Laundry","Laundry Detergent","Purex","Purex 4 in 1 Pacs Mountain Breeze 19 pack Laundry Detergent","","Purex 4 in 1 Pacs Mountain Breeze 19 pack Laundry Detergent","4.99","1.0","Market Basket","19 pack","19 pack","No Image.jpg","","15"
"6500","Chips, Cookies & Snacks","Nuts, Seeds & Dried Fruit","Nuts, Seeds & Dried Fruit","Planters","Planters Dry Roasted Pistachios","","Planters Dry Roasted Pistachios","9.99","0.0","Market Basket","12.75 oz","12.75 oz","No Image.jpg","","6"
"5301","Chips, Cookies & Snacks","Cookies & Crackers","Crackers","Ritz","Ritz Crisp & Thins 50% Less Fat Barbecue","","Ritz Crisp & Thins 50% Less Fat Barbecue","3.91","0.0","Market Basket","7.1 oz","7.1 oz","No Image.jpg","","6"
"571","Laundry & Paper Goods","Laundry","Laundry Detergent","Downy","Ultra Downy free & gentle 60 loads Laundry Detergent","","Ultra Downy free & gentle 60 loads Laundry Detergent","6.86","1.0","Market Basket","1.53 L","1.53 L","No Image.jpg","","15"
"5115","Chips, Cookies & Snacks","Cookies & Crackers","Cookies & Cakes","Pepperidge Farm","Pepperidge Farm Nantucket Dark Chocolate Cookies","","Pepperidge Farm Nantucket Dark Chocolate Cookies","4.69","0.0","Market Basket","7.2 oz","7.2 oz","No Image.jpg","","6"
"6465","Chips, Cookies & Snacks","Nuts, Seeds & Dried Fruit","Nuts, Seeds & Dried Fruit","Planters","Planters Mixed Nuts","","Planters Mixed Nuts","6.24","0.0","Market Basket","10.3 oz","10.3 oz","No Image.jpg","","6"
"6333","Beverages & Juices","Soft Drinks & Seltzers","Seltzer","Polar","Polar Lime Seltzer","","Polar Lime Seltzer","1.24","0.0","Market Basket","2 L","2 L","No Image.jpg","","11"
"4755","Meat & Seafood","Frozen Meat & Seafood","Chicken Products","Winter Creek Farms","Winter Creek Farms Chicken Wings Portions","","Winter Creek Farms Chicken Wings Portions","14.09","0.0","Market Basket","5 lb","5 lb","No Image.jpg","","18"
"466","Laundry & Paper Goods","Laundry","Laundry Detergent","Sun","Sun Triple Clean tropical breeze 178 medium loads laundry detergent","","Sun Triple Clean tropical breeze 178 medium loads laundry detergent","9.86","1.0","Market Basket","250 fl oz","250 fl oz","No Image.jpg","","15"
"6280","Beverages & Juices","Water","Water","Glaceau","Glaceau Smart Water Pineapple Kiwi","","Glaceau Smart Water Pineapple Kiwi","1.24","0.0","Market Basket","33.8 fl oz","33.8 fl oz","No Image.jpg","","11"
"6059","Beverages & Juices","Cocoa & Drink Mixes","Cocoa & Drink Mixes","Crystal Light","Crystal Light Pure Lemonade","","Crystal Light Pure Lemonade","3.75","0.0","Market Basket","2.53 oz","2.53 oz","No Image.jpg","","17"
"6555","Chips, Cookies & Snacks","Nuts, Seeds & Dried Fruit","Nuts, Seeds & Dried Fruit","Ocean Spray","Ocean Spray Cranberry & Chocolate Trail Mix","","Ocean Spray Cranberry & Chocolate Trail Mix","2.49","0.0","Market Basket","5 oz","5 oz","No Image.jpg","","6"
"5268","Chips, Cookies & Snacks","Chips & Fruit Snacks","Chips & Pretzels","Good Health","Good Health Veggie Chips Sea Salt","","Good Health Veggie Chips Sea Salt","4.69","0.0","Market Basket","6.25 oz","6.25 oz","No Image.jpg","","0"
"500","Laundry & Paper Goods","Laundry","Laundry Detergent","Tide","Tide Plus Coldwater Clean Detergent Original 59 Loads","","Tide Plus Coldwater Clean Detergent Original 59 Loads","14.99","1.0","Market Basket","92 fl oz","92 fl oz","No Image.jpg","","15"
"6218","Beverages & Juices","Soft Drinks & Seltzers","Seltzer","Adirondack","Adirondack Beverages Seltzer, Mandarin Orange","","Adirondack Beverages Seltzer, Mandarin Orange","3.13","0.0","Market Basket","6 x 16.9 fl oz","6 x 16.9 fl oz","No Image.jpg","","11"
"3795","Fresh Produce","Fresh Organic Herbs","Garlic","Market Basket","Whole Peeled Garlic","","Whole Peeled Garlic","5.49","0.0","Market Basket","1 lb","1 lb","No Image.jpg","","20"
"5267","Chips, Cookies & Snacks","Chips & Fruit Snacks","Chips & Pretzels","Good Health","Good Health Veggie Chips","","Good Health Veggie Chips","4.69","0.0","Market Basket","6.25 oz","6.25 oz","No Image.jpg","","0"
"6246","Beverages & Juices","Ginger Ale & Ginger Beer","Ginger Ale","Canada Dry","Canada Dry Ginger Ale","","Canada Dry Ginger Ale","1.24","0.0","Market Basket","1 L","1 L","No Image.jpg","","11"
"4874","Chips, Cookies & Snacks","Chips & Fruit Snacks","Chips & Pretzels","Lay's","Lay's Wavy Lightly Salted","","Lay's Wavy Lightly Salted","3.91","0.0","Market Basket","7.5 oz","7.5 oz","No Image.jpg","","0"
"6550","Chips, Cookies & Snacks","Nuts, Seeds & Dried Fruit","Nuts, Seeds & Dried Fruit","Ocean Spray","Ocean Spray Cranberry Granola Snack Clusters","","Ocean Spray Cranberry Granola Snack Clusters","2.49","0.0","Market Basket","5 oz","5 oz","No Image.jpg","","6"
"5923","Beverages & Juices","Tea, Coffee, Milk & Coconut Water","Single To-Go Coffee","Forto","Forto Energy Coffee Organic Chocolate Latte","","Forto Energy Coffee Organic Chocolate Latte","2.5","0.0","Market Basket","11 fl oz","11 fl oz","No Image.jpg","","17"
"5968","Beverages & Juices","Cocoa & Drink Mixes","Cocoa & Drink Mixes","Master of Mixes","Master of Mixes Handcrafted Margarita Mixer","","Master of Mixes Handcrafted Margarita Mixer","4.99","0.0","Market Basket","33.8 fl oz","33.8 fl oz","No Image.jpg","","17"
"5412","Breakfast & Dairy","Bars & Pastries","Breakfast Bars","Nature's Bakery","Nature's Bakery Fig Bar Strawberry","","Nature's Bakery Fig Bar Strawberry","9.36","0.0","Market Basket","12 packs","12 packs","No Image.jpg","","6"
"15313","Personal Care","Vitamins & Proteins","Vitamins & Supplements","Centrum","Centrum MultiGummies","","Centrum MultiGummies","10.8","1.0","Market Basket","70 count","70 count","No Image.jpg","","13"
"475","Laundry & Paper Goods","Laundry","Laundry Detergent","Seventh Generation","Seventh Generation Laundry Detergent fresh Lavender scent","","Seventh Generation Laundry Detergent fresh Lavender scent","9.99","1.0","Market Basket","50 fl oz","50 fl oz","No Image.jpg","","15"
"5178","Chips, Cookies & Snacks","Cookies & Crackers","Crackers","Good Thins","Good Thins Sea Salt and Pepper Rice Snacks Gluten Free","","Good Thins Sea Salt and Pepper Rice Snacks Gluten Free","5.47","0.0","Market Basket","3.5 oz","3.5 oz","No Image.jpg","","6"
"5361","Chips, Cookies & Snacks","Cookies & Crackers","Cookies & Cakes","Tate's Bake Shop","Tate's Bake Shop Walnut Chocolate Chip Cookies","","Tate's Bake Shop Walnut Chocolate Chip Cookies","6.23","0.0","Market Basket","7 oz","7 oz","No Image.jpg","","6"
"6275","Beverages & Juices","Water","Water","Glaceau","Glaceau Smart Water","","Glaceau Smart Water","2.49","0.0","Market Basket","50.7 fl oz","50.7 fl oz","No Image.jpg","","11"
"6897","Cooking Needs","Baking & Cooking","Baking Ingredients","Onofrio's","Onofrio's Harvest Medley","","Onofrio's Harvest Medley","4.89","0.0","Market Basket","16 oz","16 oz","No Image.jpg","","8"
"5898","Beverages & Juices","Tea, Coffee, Milk & Coconut Water","Single To-Go Coffee","StarBucks","Starbucks Doubleshot Energy Vanilla","","Starbucks Doubleshot Energy Vanilla","3.74","0.0","Market Basket","15 fl oz","15 fl oz","No Image.jpg","","17"
"6204","Beverages & Juices","Soft Drinks & Seltzers","Soft Drinks","7 up","7 Up Lemon Lime Box of Cans","","7 Up Lemon Lime Box of Cans","5.63","0.0","Market Basket","10 x 7.5 fl oz","10 x 7.5 fl oz","No Image.jpg","","17"
"6190","Beverages & Juices","Ginger Ale & Ginger Beer","Ginger Ale","Schweppes","Schweppes Diet Ginger Ale Can","","Schweppes Diet Ginger Ale Can","4.38","0.0","Market Basket","6 x 7.5 fl oz","6 x 7.5 fl oz","No Image.jpg","","17"
"6307","Beverages & Juices","Water","Sparkling Water","Poland Spring","Poland Spring Sparkling Water, Twist of Lemon","","Poland Spring Sparkling Water, Twist of Lemon","3.74","0.0","Market Basket","8 x 16.9 fl oz","8 x 16.9 fl oz","No Image.jpg","","11"
"6512","Chips, Cookies & Snacks","Nuts, Seeds & Dried Fruit","Nuts, Seeds & Dried Fruit","Emerald","Salt & Pepper Cashews","","Salt & Pepper Cashews","3.49","0.0","Market Basket","5 oz","5 oz","No Image.jpg","","6"
"6362","Beverages & Juices","Soft Drinks & Seltzers","Seltzer","Polar","Polar Seltzer Raspberry Lime","","Polar Seltzer Raspberry Lime","3.74","0.0","Market Basket","6 x 16.9 fl oz","6 x 16.9 fl oz","No Image.jpg","","11"
"8404","Condiments & Dressings","Marinades, Ketchup & Sauces","Marinades & Meat Preparation","Infinite Herbd","Infinite Herbs Fresh Poultry Seasoning","","Infinite Herbs Fresh Poultry Seasoning","2.49","0.0","Market Basket","1 oz","1 oz","No Image.jpg","","9"
"5965","Beverages & Juices","Cocoa & Drink Mixes","Cocoa & Drink Mixes","Lipton","Lipton Iced Tea Lemon Diet","","Lipton Iced Tea Lemon Diet","4.11","0.0","Market Basket","3 oz","3 oz","No Image.jpg","","17"
"6378","Beverages & Juices","Water","Sparkling Water","Polar","Polar Cranberry Sparkling Water","","Polar Cranberry Sparkling Water","1.24","0.0","Market Basket","1 L","1 L","No Image.jpg","","11"
"5345","Chips, Cookies & Snacks","Cookies & Crackers","Cookies & Cakes","belVita","belVita Chocolate Breakfast Biscuits","","belVita Chocolate Breakfast Biscuits","4.69","0.0","Market Basket","8.8 oz","8.8 oz","No Image.jpg","","6"
"5253","Chips, Cookies & Snacks","Chips & Fruit Snacks","Chips & Pretzels","LATE JULY","LATE JULY Sea Salt & Lime Tortilla Chips","","LATE JULY Sea Salt & Lime Tortilla Chips","4.69","0.0","Market Basket","5.5 oz","5.5 oz","No Image.jpg","","0"
"6220","Beverages & Juices","Soft Drinks & Seltzers","Seltzer","Adirondack","Adirondack Beverages Seltzer, Raspberry Lime","","Adirondack Beverages Seltzer, Raspberry Lime","2.5","0.0","Market Basket","8 x 12 fl oz","8 x 12 fl oz","No Image.jpg","","11"
"6509","Chips, Cookies & Snacks","Nuts, Seeds & Dried Fruit","Nuts, Seeds & Dried Fruit","True North","True North Cashew Crunch","","True North Cashew Crunch","3.74","0.0","Market Basket","5 oz","5 oz","No Image.jpg","","6"
"5894","Beverages & Juices","Tea, Coffee, Milk & Coconut Water","Single To-Go Coffee","StarBucks","Starbucks Tripleshot Energy French Vanilla","","Starbucks Tripleshot Energy French Vanilla","3.36","0.0","Market Basket","15 fl oz","15 fl oz","No Image.jpg","","17"
"4985","Chips, Cookies & Snacks","Chips & Fruit Snacks","Chips & Pretzels","Utz","Utz Kettle Classic Jalapeno Potato Chips","","Utz Kettle Classic Jalapeno Potato Chips","4.69","0.0","Market Basket","8 oz","8 oz","No Image.jpg","","0"
"6353","Beverages & Juices","Soft Drinks & Seltzers","Soft Drinks","Polar","Polar Premium Club Soda Lime","","Polar Premium Club Soda Lime","1.49","0.0","Market Basket","1 L","1 L","No Image.jpg","","11"
"463","Laundry & Paper Goods","Laundry","Laundry Detergent","Sun","Sun Triple Clean clean&fresh 134 medium loads laundry detergent","","Sun Triple Clean clean&fresh 134 medium loads laundry detergent","7.49","1.0","Market Basket","188 fl oz","188 fl oz","No Image.jpg","","15"
"5106","Chips, Cookies & Snacks","Cookies & Crackers","Cookies & Cakes","Royal Dansk","Royal Dansk Danish Butter Cookies","","Royal Dansk Danish Butter Cookies","4.69","0.0","Market Basket","12 oz","12 oz","No Image.jpg","","6"
"5955","Beverages & Juices","Cocoa & Drink Mixes","Cocoa & Drink Mixes","Mr & Mrs T","Mr & Mrs T Fiery Pepper Bloody Mary Mix","","Mr & Mrs T Fiery Pepper Bloody Mary Mix","4.99","0.0","Market Basket","1 L","1 L","No Image.jpg","","17"
"497","Laundry & Paper Goods","Laundry","Laundry Detergent","Tide","Tide Fresh Coral Blast Detergent 64 Loads","","Tide Fresh Coral Blast Detergent 64 Loads","14.99","1.0","Market Basket","92 fl oz","92 fl oz","No Image.jpg","","15"
"5886","Beverages & Juices","Tea, Coffee, Milk & Coconut Water","Single To-Go Coffee","Dunkin' Donuts","Dunkin' Donuts Cold Brew Coffee Midnight Black","","Dunkin' Donuts Cold Brew Coffee Midnight Black","1.88","0.0","Market Basket","9 fl oz","9 fl oz","No Image.jpg","","17"
"6528","Chips, Cookies & Snacks","Nuts, Seeds & Dried Fruit","Nuts, Seeds & Dried Fruit","Sunmaid","Sunmaid Dark Chocolate Yogurt Flavored Raisins","","Sunmaid Dark Chocolate Yogurt Flavored Raisins","3.74","0.0","Market Basket","7 oz","7 oz","No Image.jpg","","6"
"6047","Beverages & Juices","Juices & Refrigerated Drinks","Juice & Nectars","Kool-Aid","Kool Aid Strawberry","","Kool Aid Strawberry","3.36","0.0","Market Basket","19 oz","19 oz","No Image.jpg","","17"
"4492","Meat & Seafood","Lunch Meat","Chicken","Thin 'n Trim","Thin 'n Trim Thinly Sliced Buffalo Style Chicken Breast","","Thin 'n Trim Thinly Sliced Buffalo Style Chicken Breast","7.39","0.0","Market Basket","Approx: 1.00 lb at $7.39/lb","Approx: 1.00 lb at $7.39/lb","No Image.jpg","","22"
"4193","Meat & Seafood","Packaged Meat & Seafood","Chicken","Perdue","Perdue Whole Roaster Chicken","","Perdue Whole Roaster Chicken","8.45","0.0","Market Basket","Approx: 5.00 lb at $1.69/lb","Approx: 5.00 lb at $1.69/lb","No Image.jpg","","22"
"7436","Cooking Needs","Canned Food","Canned & Jarred Vegetables","Gonsalves","Gonsalves Sliced Sweet Red Peppers","","Gonsalves Sliced Sweet Red Peppers","4.19","0.0","Market Basket","1 oz","1 oz","No Image.jpg","","9"
"604","Laundry & Paper Goods","Paper Goods","Bathroom Tissues / Toilet Paper","Earth First","Earth First Recycled Paper Bath Tissue Double Roll","","Earth First Recycled Paper Bath Tissue Double Roll","8.74","1.0","Market Basket","12 count","12 count","No Image.jpg","","14"
"5116","Chips, Cookies & Snacks","Cookies & Crackers","Cookies & Cakes","Pepperidge Farm","Pepperridge Farm Sanibel Snickerdoodle","","Pepperridge Farm Sanibel Snickerdoodle","4.69","0.0","Market Basket","8.6 oz","8.6 oz","No Image.jpg","","6"
"6490","Chips, Cookies & Snacks","Nuts, Seeds & Dried Fruit","Nuts, Seeds & Dried Fruit","Emerald","Emerald Whole Almonds","","Emerald Whole Almonds","5.0","0.0","Market Basket","4.34 oz","4.34 oz","No Image.jpg","","6"
"5028","Chips, Cookies & Snacks","Chips & Fruit Snacks","Ready Popcorn","Wise","Wise Popcorn Butter Artificially Flavored","","Wise Popcorn Butter Artificially Flavored","3.91","0.0","Market Basket","6 oz","6 oz","No Image.jpg","","0"
"7206","Cooking Needs","Spices & Seasonings","Spices & Seasonings","Chef Paul","Chef Paul Prudhomme Poultry Magic Seasoning Blend","","Chef Paul Prudhomme Poultry Magic Seasoning Blend","4.89","0.0","Market Basket","1 ct","1 ct","No Image.jpg","","9"
"4748","Meat & Seafood","Frozen Meat & Seafood","Other Frozen Meat","Tyson","Tyson Cornish Game Hen","","Tyson Cornish Game Hen","8.72","0.0","Market Basket","Approx: 3.50 lb at $2.49/lb","Approx: 3.50 lb at $2.49/lb","No Image.jpg","","18"
"111","Kitchen & Cleaning","Cleaning Products","Cleaning Brush","Butler Gum","Butler Gum Brass Pot/Pan Brush","","Butler Gum Brass Pot/Pan Brush","2.69","1.0","Market Basket","1 count","1 count","No Image.jpg","","15"
"13119","Breakfast & Dairy","Cereal","Cereal","Meijer","Apple Cinnamon Toasted Oats","","Apple Cinnamon Toasted Oats","24.39","0.0","Market Basket","1 lb","1 lb","No Image.jpg","","5"
"5201","Chips, Cookies & Snacks","Cookies & Crackers","Crackers","Milton's","Milton's Organic Crackers Multi-grain","","Milton's Organic Crackers Multi-grain","3.91","0.0","Market Basket","6 oz","6 oz","No Image.jpg","","6"
"4417","Meat & Seafood","Hot Dogs, Bacon & Sausage","Hot Dogs","Busseto Foods","Busseto Foods Perfect For Pizza, Pastas And Omelets!","","Busseto Foods Perfect For Pizza, Pastas And Omelets!","3.69","0.0","Market Basket","5 oz","5 oz","No Image.jpg","","1"
"5349","Chips, Cookies & Snacks","Cookies & Crackers","Cookies & Cakes","belVita","belVita Toasted Coconut Breakfast Biscuits","","belVita Toasted Coconut Breakfast Biscuits","4.69","0.0","Market Basket","8.8 oz","8.8 oz","No Image.jpg","","6"
"4934","Chips, Cookies & Snacks","Chips & Fruit Snacks","Chips & Pretzels","Snack Factory","Snack Factory Pretzel Crisps, Original, Multi Pack","","Snack Factory Pretzel Crisps, Original, Multi Pack","7.66","0.0","Market Basket","10 x 1 oz","10 x 1 oz","No Image.jpg","","0"
"4987","Chips, Cookies & Snacks","Chips & Fruit Snacks","Chips & Pretzels","Utz","Utz Kettle Classic TGI Fridays Cheddar & Bacon Potato Chips","","Utz Kettle Classic TGI Fridays Cheddar & Bacon Potato Chips","4.69","0.0","Market Basket","8 oz","8 oz","No Image.jpg","","0"
"3495","Fresh Produce","Fresh Organic Vegetables","Broccoli","Market Basket","Organic Broccoli Crowns","","Organic Broccoli Crowns","6.79","0.0","Market Basket","1.25 lb","1.25 lb","No Image.jpg","","20"
"4374","Meat & Seafood","Meat & Seafood Counter","Turkey Breast","Shady Brook Farms","Shady Brook Turkey Breast Scallopini","","Shady Brook Turkey Breast Scallopini","7.19","0.0","Market Basket","1 lb","1 lb","No Image.jpg","","22"
"6125","Beverages & Juices","Soft Drinks & Seltzers","Soft Drinks","Fanta","Fanta Strawberry Soda","","Fanta Strawberry Soda","1.24","0.0","Market Basket","2 L","2 L","No Image.jpg","","17"
"479","Laundry & Paper Goods","Laundry","Laundry Detergent","Purex Liquid Detergents","Purex Concentrated Detergent After the Rain 57 loads","","Purex Concentrated Detergent After the Rain 57 loads","3.74","1.0","Market Basket","75 fl oz","75 fl oz","No Image.jpg","","15"
"543","Laundry & Paper Goods","Laundry","Laundry Detergent","all","all stainlifters free clear Laundry Detergent","","all stainlifters free clear Laundry Detergent","3.74","1.0","Market Basket","19 pack","19 pack","No Image.jpg","","15"
"533","Laundry & Paper Goods","Laundry","Laundry Detergent","all","all stainlifters original 4 in 1 mighty pacs Laundry Detergent","","all stainlifters original 4 in 1 mighty pacs Laundry Detergent","10.61","1.0","Market Basket","39 pacs","39 pacs","No Image.jpg","","15"
"5873","Beverages & Juices","Cocoa & Drink Mixes","Cocoa & Drink Mixes","4C","4C Fruit Punch","","4C Fruit Punch","1.88","0.0","Market Basket","18.6 oz","18.6 oz","No Image.jpg","","17"
"6179","Beverages & Juices","Soft Drinks & Seltzers","Soft Drinks","Pepsi","Pepsi Original Mini","","Pepsi Original Mini","4.38","0.0","Market Basket","8 x 12 fl oz","8 x 12 fl oz","No Image.jpg","","17"
"5936","Beverages & Juices","Cocoa & Drink Mixes","Cocoa & Drink Mixes","Angostura","Angostura Aromatic Bitters","","Angostura Aromatic Bitters","9.99","0.0","Market Basket","4 fl oz","4 fl oz","No Image.jpg","","17"
"4531","Meat & Seafood","Lunch Meat","Other Meat","Carando","Carando Classic Italian Foods Prosciutto","","Carando Classic Italian Foods Prosciutto","6.59","0.0","Market Basket","0.67 oz","0.67 oz","No Image.jpg","","22"
"5328","Breakfast & Dairy","Bars & Pastries","Breakfast Bars","Nature's Bakery","Nature's Bakery Fig Bar Original Fig","","Nature's Bakery Fig Bar Original Fig","4.69","0.0","Market Basket","6 x 2 oz","6 x 2 oz","No Image.jpg","","6"
"6464","Chips, Cookies & Snacks","Nuts, Seeds & Dried Fruit","Nuts, Seeds & Dried Fruit","Planters","Planters Walnuts","","Planters Walnuts","8.74","0.0","Market Basket","7.25 oz","7.25 oz","No Image.jpg","","6"
"5320","Chips, Cookies & Snacks","Cookies & Crackers","Cookies & Cakes","Chips Ahoy!","Chips Ahoy! Coconut Chunky Chocolate Cookies","","Chips Ahoy! Coconut Chunky Chocolate Cookies","3.91","0.0","Market Basket","10.25 oz","10.25 oz","No Image.jpg","","6"
"7490","Cooking Needs","Canned Food","Canned & Jarred Vegetables","Joseph Russi","Joseph Russo Peeled Tomatoes","","Joseph Russo Peeled Tomatoes","2.49","0.0","Market Basket","35 oz","35 oz","No Image.jpg","","9"
"5916","Beverages & Juices","Tea, Coffee, Milk & Coconut Water","Single To-Go Coffee","StarBucks","Starbucks Iced Espresso Caramel Macchiato","","Starbucks Iced Espresso Caramel Macchiato","3.36","0.0","Market Basket","14 fl oz","14 fl oz","No Image.jpg","","17"
"5245","Chips, Cookies & Snacks","Chips & Fruit Snacks","Chips & Pretzels","LATE JULY","LATE JULY Sweet Potato Tortilla Chips Organic","","LATE JULY Sweet Potato Tortilla Chips Organic","4.67","0.0","Market Basket","6 oz","6 oz","No Image.jpg","","0"
"3485","Fresh Produce","Fresh Organic Fruits","Banana","Market Basket","Organic Banana","","Organic Banana","1.09","0.0","Market Basket","1 lb","1 lb","No Image.jpg","","20"
"5324","Chips, Cookies & Snacks","Cookies & Crackers","Crackers","Nabisco","Nabisco Teddy Grahams Honey Graham Snacks","","Nabisco Teddy Grahams Honey Graham Snacks","4.69","0.0","Market Basket","10 oz","10 oz","No Image.jpg","","6"
"5310","Chips, Cookies & Snacks","Cookies & Crackers","Cookies & Cakes","Newman's Own","Newman's Own Hint O Mint Cookies","","Newman's Own Hint O Mint Cookies","3.91","0.0","Market Basket","8 oz","8 oz","No Image.jpg","","6"
"5974","Beverages & Juices","Cocoa & Drink Mixes","Cocoa & Drink Mixes","Master of Mixes","Master of Mixes Handcrafted Mojito Mixer","","Master of Mixes Handcrafted Mojito Mixer","4.99","0.0","Market Basket","33.8 fl oz","33.8 fl oz","No Image.jpg","","17"
"4977","Chips, Cookies & Snacks","Chips & Fruit Snacks","Chips & Pretzels","Tostitos","Tositos Lightly Salted 50% Less Sodium","","Tositos Lightly Salted 50% Less Sodium","5.47","0.0","Market Basket","13 oz","13 oz","No Image.jpg","","0"
"4126","Meat & Seafood","Meat & Seafood Counter","Chicken Breast","Perdue","Perdue Thin Sliced Chicken Breasts","","Perdue Thin Sliced Chicken Breasts","4.89","0.0","Market Basket","1 lb","1 lb","No Image.jpg","","22"
"6224","Beverages & Juices","Soft Drinks & Seltzers","Seltzer","Adirondack","Adirondack Original Seltzer","","Adirondack Original Seltzer","0.63","0.0","Market Basket","1 L","1 L","No Image.jpg","","11"
"5252","Chips, Cookies & Snacks","Chips & Fruit Snacks","Chips & Pretzels","LATE JULY","LATE JULY Korean Bbq Tortilla Chips","","LATE JULY Korean Bbq Tortilla Chips","4.67","0.0","Market Basket","5.5 oz","5.5 oz","No Image.jpg","","0"
"6245","Beverages & Juices","Soft Drinks & Seltzers","Seltzer","Canada Dry","Canada Dry Peach Mango Sparkling Seltzer Water","","Canada Dry Peach Mango Sparkling Seltzer Water","4.18","0.0","Market Basket","12 x 12 fl oz","12 x 12 fl oz","No Image.jpg","","11"
"6080","Beverages & Juices","Soft Drinks & Seltzers","Soft Drinks","Coca Cola","Coca Cola Diet Coke","","Coca Cola Diet Coke","1.49","0.0","Market Basket","42.2 fl oz","42.2 fl oz","No Image.jpg","","17"
"6033","Beverages & Juices","Energy & Sports Drinks","Energy & Sports Drinks","Red Bull","Red Bull Green Edition - Kiwi Apple","","Red Bull Green Edition - Kiwi Apple","3.13","0.0","Market Basket","12 fl oz","12 fl oz","No Image.jpg","","17"
"6063","Beverages & Juices","Soft Drinks & Seltzers","Soft Drinks","Moxie","Moxie Soda Box of Cans","","Moxie Soda Box of Cans","6.86","0.0","Market Basket","12 x 12 fl oz","12 x 12 fl oz","No Image.jpg","","17"
"5042","Chips, Cookies & Snacks","Cookies & Crackers","Cookies & Cakes","Dare","Dare Maple Creme Cookies","","Dare Maple Creme Cookies","3.91","0.0","Market Basket","10.6 oz","10.6 oz","No Image.jpg","","6"
"6526","Chips, Cookies & Snacks","Nuts, Seeds & Dried Fruit","Nuts, Seeds & Dried Fruit","Sunmaid","Sunmaid Strawberry Yogurt Flavored Raisins","","Sunmaid Strawberry Yogurt Flavored Raisins","3.74","0.0","Market Basket","5 oz","5 oz","No Image.jpg","","6"
"4146","Meat & Seafood","Meat & Seafood Counter","Crab Meat","Shirakiku","Shirakiku California Roll","","Shirakiku California Roll","7.09","0.0","Market Basket","1 lb","1 lb","No Image.jpg","","22"
"5055","Chips, Cookies & Snacks","Cookies & Crackers","Cookies & Cakes","Keebler","Keebler 12 Pack Paw Patrol Graham Snacks Cinnamon","","Keebler 12 Pack Paw Patrol Graham Snacks Cinnamon","6.23","0.0","Market Basket","12.7 oz","12.7 oz","No Image.jpg","","6"
"6115","Beverages & Juices","Soft Drinks & Seltzers","Soft Drinks","Dr Pepper","Dr Pepper Original Soda","","Dr Pepper Original Soda","5.0","0.0","Market Basket","6 x 16.9 fl oz","6 x 16.9 fl oz","No Image.jpg","","17"
"6111","Beverages & Juices","Soft Drinks & Seltzers","Soft Drinks","Crush","Crush Orange Soda Can","","Crush Orange Soda Can","4.38","0.0","Market Basket","6 x 7.5 fl oz","6 x 7.5 fl oz","No Image.jpg","","17"
"6374","Beverages & Juices","Water","Sparkling Water","Polar","Polar Ruby Red Grapefruit Sparkling Water","","Polar Ruby Red Grapefruit Sparkling Water","1.24","0.0","Market Basket","1 L","1 L","No Image.jpg","","11"
"4877","Chips, Cookies & Snacks","Chips & Fruit Snacks","Chips & Pretzels","Lay's","Lay'S Dill Pickle Potato Chips Party Size","","Lay'S Dill Pickle Potato Chips Party Size","5.47","0.0","Market Basket","13 oz","13 oz","No Image.jpg","","0"
"5888","Beverages & Juices","Tea, Coffee, Milk & Coconut Water","Single To-Go Coffee","Dunkin' Donuts","Dunkin' Donuts Iced Mocha","","Dunkin' Donuts Iced Mocha","3.13","0.0","Market Basket","13.7 fl oz","13.7 fl oz","No Image.jpg","","17"
"4978","Chips, Cookies & Snacks","Chips & Fruit Snacks","Chips & Pretzels","Tostitos","Tositos Cantina Traditional Tortilla Chips","","Tositos Cantina Traditional Tortilla Chips","5.14","0.0","Market Basket","12 oz","12 oz","No Image.jpg","","0"
"4983","Chips, Cookies & Snacks","Chips & Fruit Snacks","Chips & Pretzels","Utz","Utz Kettle Classic Maui-Bbq Flavored Potato Chips","","Utz Kettle Classic Maui-Bbq Flavored Potato Chips","4.69","0.0","Market Basket","8 oz","8 oz","No Image.jpg","","0"
"6411","Beverages & Juices","Water","Sparkling Water","Spindrift","Spindrift Sparkling Water & Real Squeezed Fruit Orange Mango","","Spindrift Sparkling Water & Real Squeezed Fruit Orange Mango","6.24","0.0","Market Basket","8 x 12 fl oz","8 x 12 fl oz","No Image.jpg","","11"
"6365","Beverages & Juices","Soft Drinks & Seltzers","Seltzer","Polar","Polar Seltzer Original","","Polar Seltzer Original","3.74","0.0","Market Basket","6 x 16.9 fl oz","6 x 16.9 fl oz","No Image.jpg","","11"
"10397","Cooking Needs","Canned Food","Canned Food","Cedar","Cedar Lane Red Lentil","","Cedar Lane Red Lentil","3.69","0.0","Market Basket","32 oz","32 oz","No Image.jpg","","1"
"5271","Chips, Cookies & Snacks","Chips & Fruit Snacks","Chips & Pretzels","Good Health","Good Health Potato Chips Avocado Oil Sea Salt","","Good Health Potato Chips Avocado Oil Sea Salt","4.69","0.0","Market Basket","5 oz","5 oz","No Image.jpg","","0"
"6199","Beverages & Juices","Soft Drinks & Seltzers","Soft Drinks","7 up","7 Up Diet Lemon Lime","","7 Up Diet Lemon Lime","4.99","0.0","Market Basket","6 x 16.9 fl oz","6 x 16.9 fl oz","No Image.jpg","","17"
"10437","Cooking Needs","Rice & Grains","Grains, Rice & Dried Goods","Monterey","Monterey Woodear Dried Mushrooms","","Monterey Woodear Dried Mushrooms","4.09","0.0","Market Basket","1 oz","1 oz","No Image.jpg","","N/A"
"4117","Meat & Seafood","Meat & Seafood Counter","Chicken Breast","Harvestland","Harvestland Fully Cooked Grilled Chicken Breast Strips","","Harvestland Fully Cooked Grilled Chicken Breast Strips","8.59","0.0","Market Basket","1 lb","1 lb","No Image.jpg","","22"
"6120","Beverages & Juices","Soft Drinks & Seltzers","Soft Drinks","Dr Pepper","Dr Pepper Diet Soda Mini","","Dr Pepper Diet Soda Mini","5.63","0.0","Market Basket","8 x 12 fl oz","8 x 12 fl oz","No Image.jpg","","17"
"4270","Meat & Seafood","Packaged Meat & Seafood","Salmon","Ruby Bay","Ruby Bay Irish Style Smoked Salmon","","Ruby Bay Irish Style Smoked Salmon","6.89","0.0","Market Basket","3 oz","3 oz","No Image.jpg","","22"
"6225","Beverages & Juices","Soft Drinks & Seltzers","Seltzer","Adirondack","Adirondack Raspberry Lime Sparkling Seltzer Water","","Adirondack Raspberry Lime Sparkling Seltzer Water","0.63","0.0","Market Basket","1 L","1 L","No Image.jpg","","11"
"5875","Beverages & Juices","Cocoa & Drink Mixes","Cocoa & Drink Mixes","4C","4C Half & Half Iced Tea Lemonade","","4C Half & Half Iced Tea Lemonade","4.99","0.0","Market Basket","13.9 oz","13.9 oz","No Image.jpg","","17"
"472","Laundry & Paper Goods","Laundry","Laundry Detergent","Oxi Clean","OxiClean Laundry Detergent Sparkling Fresh 67 Loads","","OxiClean Laundry Detergent Sparkling Fresh 67 Loads","12.49","1.0","Market Basket","100.5 fl oz","100.5 fl oz","No Image.jpg","","15"
"5258","Chips, Cookies & Snacks","Chips & Fruit Snacks","Chips & Pretzels","Kettle","Kettle Brand Potato Chips Honey Dijon","","Kettle Brand Potato Chips Honey Dijon","4.69","0.0","Market Basket","8.5 oz","8.5 oz","No Image.jpg","","0"
"8718","Condiments & Dressings","Preserved Dips & Spreads","Preserved Dips & Salsa","Cedar","Cedar All Natural Hommus, Chipotle","","Cedar All Natural Hommus, Chipotle","2.49","0.0","Market Basket","16 oz","16 oz","No Image.jpg","","1"
"4926","Chips, Cookies & Snacks","Chips & Fruit Snacks","Chips & Pretzels","Smartfood","Smartfood Movie Theatre Butter","","Smartfood Movie Theatre Butter","6.23","0.0","Market Basket","6.25 oz","6.25 oz","No Image.jpg","","0"
"6350","Beverages & Juices","Soft Drinks & Seltzers","Soft Drinks","Polar","Polar Diet Pink Grapefruit Dry","","Polar Diet Pink Grapefruit Dry","2.11","0.0","Market Basket","2 L","2 L","No Image.jpg","","11"
"6554","Chips, Cookies & Snacks","Nuts, Seeds & Dried Fruit","Nuts, Seeds & Dried Fruit","Ocean Spray","Ocean Spray Craisins Dried Cranberries Infused With Blueberry Juice","","Ocean Spray Craisins Dried Cranberries Infused With Blueberry Juice","2.49","0.0","Market Basket","6 oz","6 oz","No Image.jpg","","6"
"5396","Chips, Cookies & Snacks","Cookies & Crackers","Crackers","Back to Nature","Back to Nature Mini Chocolate Chunk Cookies","","Back to Nature Mini Chocolate Chunk Cookies","5.47","0.0","Market Basket","7.5 oz","7.5 oz","No Image.jpg","","6"
"5366","Chips, Cookies & Snacks","Cookies & Crackers","Cookies & Cakes","Pepperidge Farm","Pepperidge Farmhouse Thin & Crispy Milk Chocolate Chip","","Pepperidge Farmhouse Thin & Crispy Milk Chocolate Chip","4.69","0.0","Market Basket","6.9 oz","6.9 oz","No Image.jpg","","6"
"5362","Chips, Cookies & Snacks","Cookies & Crackers","Cookies & Cakes","Tate's Bake Shop","Tate's Bake Shop Coconut Crisp Cookies","","Tate's Bake Shop Coconut Crisp Cookies","6.23","0.0","Market Basket","7 oz","7 oz","No Image.jpg","","6"
"540","Laundry & Paper Goods","Laundry","Laundry Detergent","all","all stainlifters exhilarating laender 66 Loads Laundry Detergent","","all stainlifters exhilarating laender 66 Loads Laundry Detergent","10.61","1.0","Market Basket","100 fl oz","100 fl oz","No Image.jpg","","15"
"6114","Beverages & Juices","Soft Drinks & Seltzers","Soft Drinks","Dr Pepper","Dr Pepper Diet Soda","","Dr Pepper Diet Soda","1.24","0.0","Market Basket","2 L","2 L","No Image.jpg","","17"
"6382","Beverages & Juices","Water","Sparkling Water","Polar","Polar Pineapple Pomello Sparkling Water","","Polar Pineapple Pomello Sparkling Water","1.24","0.0","Market Basket","1 L","1 L","No Image.jpg","","11"
"5960","Beverages & Juices","Cocoa & Drink Mixes","Cocoa & Drink Mixes","Mr & Mrs T","Mr & Mrs T Original Bloody Mary Mix","","Mr & Mrs T Original Bloody Mary Mix","6.24","0.0","Market Basket","1.75 L","1.75 L","No Image.jpg","","17"
"6389","Beverages & Juices","Water","Sparkling Water","Polar","Polar Toasted Coconut Sparkling Water","","Polar Toasted Coconut Sparkling Water","1.24","0.0","Market Basket","1 L","1 L","No Image.jpg","","11"
"5299","Chips, Cookies & Snacks","Cookies & Crackers","Crackers","Ritz","Ritz Toasted Chips 45% Less Fat 100% Whole Grain Multigrain","","Ritz Toasted Chips 45% Less Fat 100% Whole Grain Multigrain","3.91","0.0","Market Basket","8.1 oz","8.1 oz","No Image.jpg","","6"
"5950","Beverages & Juices","Cocoa & Drink Mixes","Cocoa & Drink Mixes","Mr & Mrs T","Mr & Mrs T Strawberry Daiquiri-Margarita Mix","","Mr & Mrs T Strawberry Daiquiri-Margarita Mix","4.99","0.0","Market Basket","1 L","1 L","No Image.jpg","","17"
"6356","Beverages & Juices","Ginger Ale & Ginger Beer","Ginger Ale","Polar","Polar Golden Ginger Ale Extra Bold","","Polar Golden Ginger Ale Extra Bold","1.49","0.0","Market Basket","1 L","1 L","No Image.jpg","","11"
"6478","Chips, Cookies & Snacks","Nuts, Seeds & Dried Fruit","Nuts, Seeds & Dried Fruit","River Queen","River Queen Salted Premium Mixed Nuts","","River Queen Salted Premium Mixed Nuts","6.24","0.0","Market Basket","13 oz","13 oz","No Image.jpg","","6"
"5408","Chips, Cookies & Snacks","Cookies & Crackers","Crackers","Blue Diamond","Blue Diamond Nut Thins Artisan Nut Thins Flax Seeds","","Blue Diamond Nut Thins Artisan Nut Thins Flax Seeds","4.69","0.0","Market Basket","4.25 oz","4.25 oz","No Image.jpg","","6"
"602","Laundry & Paper Goods","Paper Goods","Bathroom Tissues / Toilet Paper","AngelSoft","AngelSoft 4 Mega Bathroom Tissue","","AngelSoft 4 Mega Bathroom Tissue","6.24","1.0","Market Basket","4 count","4 count","No Image.jpg","","14"
"5182","Chips, Cookies & Snacks","Cookies & Crackers","Crackers","Keebler","Keebler PB & J Sandwich Crackers","","Keebler PB & J Sandwich Crackers","3.91","0.0","Market Basket","11 oz","11 oz","No Image.jpg","","6"
"3451","Fresh Produce","Fresh Fruits","Grapes","Market Basket","Bag of Red Seedless Grapes","","Bag of Red Seedless Grapes","7.49","0.0","Market Basket","2 lb bag","2 lb bag","No Image.jpg","","20"
"6392","Beverages & Juices","Soft Drinks & Seltzers","Seltzer","Polar","Polar Seltzer Tart Cherry Limeade","","Polar Seltzer Tart Cherry Limeade","4.18","0.0","Market Basket","8 x 12 fl oz","8 x 12 fl oz","No Image.jpg","","11"
"469","Laundry & Paper Goods","Laundry","Laundry Detergent","Oxi Clean","OxiClean Laundry Detergent Sparkling Fresh 40 Loads","","OxiClean Laundry Detergent Sparkling Fresh 40 Loads","8.74","1.0","Market Basket","60 fl oz","60 fl oz","No Image.jpg","","15"
"6196","Beverages & Juices","Soft Drinks & Seltzers","Soft Drinks","7 up","7 Up Diet Lemon Lime","","7 Up Diet Lemon Lime","2.11","0.0","Market Basket","2 L","2 L","No Image.jpg","","17"
"12899","Breakfast & Dairy","Breads & Rolls","Rolls","Grand Central Bakery","Grand Central Bakery 8"" Central French Roll","","Grand Central Bakery 8"" Central French Roll","3.49","0.0","Market Basket","16 oz","16 oz","No Image.jpg","","18"
"15358","Personal Care","Vitamins & Proteins","Vitamins & Supplements","Sundown Naturals","Sundown Naturals Saw Palmetto Herbal Supplememt","","Sundown Naturals Saw Palmetto Herbal Supplememt","9.19","1.0","Market Basket","100 count","100 count","No Image.jpg","","13"
"5052","Chips, Cookies & Snacks","Cookies & Crackers","Cookies & Cakes","Keebler","Keebler E.L. Fudge Elfwich Double Stuffed","","Keebler E.L. Fudge Elfwich Double Stuffed","3.91","0.0","Market Basket","12 oz","12 oz","No Image.jpg","","6"
"586","Laundry & Paper Goods","Laundry","Scent Booster","Snuggle","Snuggle Scent Shakes Scent Booster Blue Sparkle","","Snuggle Scent Shakes Scent Booster Blue Sparkle","5.61","1.0","Market Basket","255 g","255 g","No Image.jpg","","15"
"10341","Pasta & Sauces","Raw Pasta","Raw Pasta","Pasta Prima","Pasta Prima Five Cheese Ravioli Value Pack","","Pasta Prima Five Cheese Ravioli Value Pack","3.79","0.0","Market Basket","20 oz","20 oz","No Image.jpg","","N/A"
"6301","Beverages & Juices","Water","Water","Poland Spring","Poland Spring 1845 Born in Maine","","Poland Spring 1845 Born in Maine","1.49","0.0","Market Basket","101.4 fl oz","101.4 fl oz","No Image.jpg","","11"
"6105","Beverages & Juices","Soft Drinks & Seltzers","Soft Drinks","Country Time","Country Time Pink Lemonade","","Country Time Pink Lemonade","3.36","0.0","Market Basket","19 oz","19 oz","No Image.jpg","","17"
"5240","Chips, Cookies & Snacks","Chips & Fruit Snacks","Chips & Pretzels","LATE JULY","LATE JULY Organic Bbq Potato Chips","","LATE JULY Organic Bbq Potato Chips","4.69","0.0","Market Basket","5 oz","5 oz","No Image.jpg","","0"
"4052","Meat & Seafood","Meat & Seafood Counter","Beef","Certified Angus Beef","Certified Angus Beef Thin Boneless Chuck Steak","","Certified Angus Beef Thin Boneless Chuck Steak","6.69","0.0","Market Basket","1 lb","1 lb","No Image.jpg","","22"
"4228","Meat & Seafood","Packaged Meat & Seafood","Crab","Louis Kemp","Louis Kemp Crab Delights Leg Style Imitation Crab Meat","","Louis Kemp Crab Delights Leg Style Imitation Crab Meat","3.69","0.0","Market Basket","16 oz","16 oz","No Image.jpg","","22"
"523","Laundry & Paper Goods","Laundry","Laundry Detergent","Arm & Hammer","Arm & Hammer Plus the Power of OxiClean Stain Fighters Fresh Scent Laundry Detergent","","Arm & Hammer Plus the Power of OxiClean Stain Fighters Fresh Scent Laundry Detergent","9.99","1.0","Market Basket","122.5 fl oz","122.5 fl oz","No Image.jpg","","15"
"4212","Meat & Seafood","Packaged Meat & Seafood","Chicken Breast","Perdue","Perdue Split Chicken Breast With Ribs","","Perdue Split Chicken Breast With Ribs","5.86","0.0","Market Basket","Approx: 2.10 lb at $2.79/lb","Approx: 2.10 lb at $2.79/lb","No Image.jpg","","22"
"6455","Chips, Cookies & Snacks","Jerkies","Jerky","Lorissa's Kitchen","Lorissa's Kitchen Ginger Teriyaki Tender Cuts of Chicken Breasts","","Lorissa's Kitchen Ginger Teriyaki Tender Cuts of Chicken Breasts","7.49","0.0","Market Basket","2.25 oz","2.25 oz","No Image.jpg","","6"
"6294","Beverages & Juices","Water","Water","Poland Spring","Poland Spring Brand 100% Natural Spring Water","","Poland Spring Brand 100% Natural Spring Water","4.99","0.0","Market Basket","24 x 500 ml","24 x 500 ml","No Image.jpg","","11"
"4283","Meat & Seafood","Packaged Meat & Seafood","Turkey","DiLuigi","DiLuigi Turkey Patties With Swiss Cheese Pepper & Onions","","DiLuigi Turkey Patties With Swiss Cheese Pepper & Onions","6.36","0.0","Market Basket","Approx: 1.30 lb at $4.89/lb","Approx: 1.30 lb at $4.89/lb","No Image.jpg","","22"
"5929","Beverages & Juices","Tea, Coffee, Milk & Coconut Water","Single To-Go Coffee","KITU","KITU Super Coffee Mocha","","KITU Super Coffee Mocha","3.13","0.0","Market Basket","12 fl oz","12 fl oz","No Image.jpg","","17"
"5365","Chips, Cookies & Snacks","Cookies & Crackers","Cookies & Cakes","Pepperidge Farm","Pepperidge Farmhouse Thin & Crispy Dark Chocolate Chip","","Pepperidge Farmhouse Thin & Crispy Dark Chocolate Chip","4.69","0.0","Market Basket","6.9 oz","6.9 oz","No Image.jpg","","6"
"6318","Beverages & Juices","Water","Sparkling Water","Poland Spring","Poland Spring Sparkling Water, White Peach Ginger","","Poland Spring Sparkling Water, White Peach Ginger","3.74","0.0","Market Basket","8 x 12 fl oz","8 x 12 fl oz","No Image.jpg","","11"
"4921","Chips, Cookies & Snacks","Chips & Fruit Snacks","Chips & Pretzels","Santitas","Santitas Corn Tortilla Chips","","Santitas Corn Tortilla Chips","3.58","0.0","Market Basket","11 oz","11 oz","No Image.jpg","","0"
"4141","Meat & Seafood","Meat & Seafood Counter","Codfish","Gonsalves","Gonsalves Choice Boned Salted Codfish","","Gonsalves Choice Boned Salted Codfish","10.99","0.0","Market Basket","Approx: 1.01 lb at $10.9/lb","Approx: 1.01 lb at $10.9/lb","No Image.jpg","","22"
"6238","Beverages & Juices","Water","Water","Core","Core Hydration Purified Water","","Core Hydration Purified Water","2.36","0.0","Market Basket","30.4 fl oz","30.4 fl oz","No Image.jpg","","11"
"5878","Beverages & Juices","Cocoa & Drink Mixes","Cocoa & Drink Mixes","4C","4C Lemonade","","4C Lemonade","6.24","0.0","Market Basket","58 oz","58 oz","No Image.jpg","","17"
"8104","Cooking Needs","Canned Food","Soup, Broth & Bouillon","Progresso","Progresso Reduced Sodium Chicken Broth","","Progresso Reduced Sodium Chicken Broth","2.49","0.0","Market Basket","32 oz","32 oz","No Image.jpg","","2"
"5053","Chips, Cookies & Snacks","Cookies & Crackers","Cookies & Cakes","Keebler","Keebler Country Style Oatmeal Cookies With Raisin","","Keebler Country Style Oatmeal Cookies With Raisin","3.91","0.0","Market Basket","10.5 oz","10.5 oz","No Image.jpg","","6"
"4962","Chips, Cookies & Snacks","Chips & Fruit Snacks","Chips & Pretzels","Sun Chips","Sun Chips 100% Whole Grain Original Sweet Potato & Brown Sugar","","Sun Chips 100% Whole Grain Original Sweet Potato & Brown Sugar","5.14","0.0","Market Basket","7 oz","7 oz","No Image.jpg","","0"
"5928","Beverages & Juices","Tea, Coffee, Milk & Coconut Water","Single To-Go Coffee","KITU","KITU Super Coffee Maple Pumpkin","","KITU Super Coffee Maple Pumpkin","3.13","0.0","Market Basket","12 fl oz","12 fl oz","No Image.jpg","","17"
"4272","Meat & Seafood","Packaged Meat & Seafood","Salmon","Ruby Bay","Ruby Bay Scottish Style Smoked Salmon","","Ruby Bay Scottish Style Smoked Salmon","6.89","0.0","Market Basket","3 oz","3 oz","No Image.jpg","","22"
"6450","Chips, Cookies & Snacks","Jerkies","Jerky","Bridgford","Bridgford Original Beef Jerky","","Bridgford Original Beef Jerky","6.24","0.0","Market Basket","3.25 oz","3.25 oz","No Image.jpg","","6"
"5269","Chips, Cookies & Snacks","Chips & Fruit Snacks","Chips & Pretzels","Good Health","Good Health Veggie Chips Cream Onion & Chive","","Good Health Veggie Chips Cream Onion & Chive","4.69","0.0","Market Basket","6.25 oz","6.25 oz","No Image.jpg","","0"
"5317","Chips, Cookies & Snacks","Cookies & Crackers","Cookies & Cakes","Oreo","Oreo Chocolate Peanut Butter Pie Cookie Fmily Size","","Oreo Chocolate Peanut Butter Pie Cookie Fmily Size","5.47","0.0","Market Basket","482 g","482 g","No Image.jpg","","6"
"5135","Chips, Cookies & Snacks","Cookies & Crackers","Cookies & Cakes","Pepperidge Farm","Pepperidge Farm Verona Apricot Raspberry","","Pepperidge Farm Verona Apricot Raspberry","4.69","0.0","Market Basket","6.75 oz","6.75 oz","No Image.jpg","","6"
"5316","Chips, Cookies & Snacks","Cookies & Crackers","Cookies & Cakes","Oreo","Oreo Caramel Coconut Cookies Family Size","","Oreo Caramel Coconut Cookies Family Size","5.47","0.0","Market Basket","17 oz","17 oz","No Image.jpg","","6"
"6039","Beverages & Juices","Juices & Refrigerated Drinks","Juice & Nectars","Reese","Reese Maraschino Cherry with Stem","","Reese Maraschino Cherry with Stem","4.38","0.0","Market Basket","10 oz","10 oz","No Image.jpg","","17"
"6321","Beverages & Juices","Soft Drinks & Seltzers","Seltzer","Polar","Polar Seltzer Minotaur Mayhem","","Polar Seltzer Minotaur Mayhem","3.74","0.0","Market Basket","6 x 8 fl oz","6 x 8 fl oz","No Image.jpg","","11"
"5206","Chips, Cookies & Snacks","Cookies & Crackers","Crackers","Nabisco","Nabisco WHole Grain Topped With Sea Salt Saltine Crackers","","Nabisco WHole Grain Topped With Sea Salt Saltine Crackers","3.91","0.0","Market Basket","1.06 lb","1.06 lb","No Image.jpg","","6"
"4984","Chips, Cookies & Snacks","Chips & Fruit Snacks","Chips & Pretzels","Utz","Utz Kettle Classic Original Potato Chips","","Utz Kettle Classic Original Potato Chips","4.69","0.0","Market Basket","8 oz","8 oz","No Image.jpg","","0"
"5241","Chips, Cookies & Snacks","Chips & Fruit Snacks","Chips & Pretzels","LATE JULY","LATE JULY Organic Blue Corn Restaurant Style Tortilla Chips","","LATE JULY Organic Blue Corn Restaurant Style Tortilla Chips","4.69","0.0","Market Basket","11 oz","11 oz","No Image.jpg","","0"
"4216","Meat & Seafood","Packaged Meat & Seafood","Chicken Breast","Springer","Springer Mountain Farms Drumsticks","","Springer Mountain Farms Drumsticks","3.79","0.0","Market Basket","Approx: 1.50 lb","Approx: 1.50 lb","No Image.jpg","","22"
"5385","Chips, Cookies & Snacks","Cookies & Crackers","Crackers","Real Food","Real Food Cauliflower Crackers Nacho Flavor","","Real Food Cauliflower Crackers Nacho Flavor","4.69","0.0","Market Basket","4 oz","4 oz","No Image.jpg","","6"
"6000","Beverages & Juices","Energy & Sports Drinks","Energy & Sports Drinks","Monster","Monster Energy Ultra Sunrise 10 Pack","","Monster Energy Ultra Sunrise 10 Pack","19.36","0.0","Market Basket","10 x 16 fl oz","10 x 16 fl oz","No Image.jpg","","17"
"5233","Chips, Cookies & Snacks","Chips & Fruit Snacks","Chips & Pretzels","Bachman","Bachman Butter Twists Pretzels","","Bachman Butter Twists Pretzels","3.91","0.0","Market Basket","10 oz","10 oz","No Image.jpg","","0"
"518","Laundry & Paper Goods","Laundry","Laundry Detergent","Dynamo","Dynamo Laundry Detergent Quick Dissolve Sheets 30 Flicks","","Dynamo Laundry Detergent Quick Dissolve Sheets 30 Flicks","1.24","1.0","Market Basket","20 pack","20 pack","No Image.jpg","","15"
"6308","Beverages & Juices","Water","Sparkling Water","Poland Spring","Poland Spring Sparkling Water, Ruby Red Grapefruit","","Poland Spring Sparkling Water, Ruby Red Grapefruit","3.74","0.0","Market Basket","8 x 16.9 fl oz","8 x 16.9 fl oz","No Image.jpg","","11"
"4179","Meat & Seafood","Packaged Meat & Seafood","Beef","York","Petite New York Sirloin","","Petite New York Sirloin","11.49","0.0","Market Basket","1 lb","1 lb","No Image.jpg","","22"
"5419","Chips, Cookies & Snacks","Cookies & Crackers","Cookies & Cakes","Nabisco","Mini Chips Ahoy! Go Paks","","Mini Chips Ahoy! Go Paks","1.56","0.0","Market Basket","3.5 oz","3.5 oz","No Image.jpg","","6"
"6556","Chips, Cookies & Snacks","Nuts, Seeds & Dried Fruit","Nuts, Seeds & Dried Fruit","Sunsweet","Sunsweet Ones Amazing Prunes Plum","","Sunsweet Ones Amazing Prunes Plum","5.74","0.0","Market Basket","12 oz","12 oz","No Image.jpg","","6"
"6340","Beverages & Juices","Soft Drinks & Seltzers","Soft Drinks","Polar","Polar Diet Orange Dry Box of Cans","","Polar Diet Orange Dry Box of Cans","4.36","0.0","Market Basket","8 x 12 fl oz","8 x 12 fl oz","No Image.jpg","","17"
"4924","Chips, Cookies & Snacks","Chips & Fruit Snacks","Chips & Pretzels","Smartfood","Smartfood Smart 50 Sea Salt","","Smartfood Smart 50 Sea Salt","6.23","0.0","Market Basket","5 oz","5 oz","No Image.jpg","","0"
"5930","Beverages & Juices","Tea, Coffee, Milk & Coconut Water","Single To-Go Coffee","KITU","KITU Super Coffee Caramel","","KITU Super Coffee Caramel","3.13","0.0","Market Basket","12 fl oz","12 fl oz","No Image.jpg","","17"
"8415","Condiments & Dressings","Marinades, Ketchup & Sauces","Marinades & Meat Preparation","Jack Link's","Jack Link's Orignal Beef Jerky","","Jack Link's Orignal Beef Jerky","5.29","0.0","Market Basket","2.85 oz","2.85 oz","No Image.jpg","","9"
"5980","Beverages & Juices","Cocoa & Drink Mixes","Cocoa & Drink Mixes","Master of Mixes","Master of Mixes Simple Syrup","","Master of Mixes Simple Syrup","3.74","0.0","Market Basket","375 ml","375 ml","No Image.jpg","","17"
"5958","Beverages & Juices","Cocoa & Drink Mixes","Cocoa & Drink Mixes","Mr & Mrs T","Mr & Mrs T Fiery Pepper Bloody Mary Mix","","Mr & Mrs T Fiery Pepper Bloody Mary Mix","6.24","0.0","Market Basket","1.75 L","1.75 L","No Image.jpg","","17"
"5251","Chips, Cookies & Snacks","Chips & Fruit Snacks","Chips & Pretzels","LATE JULY","LATE JULY Nacho Chipotle Tortilla Chips","","LATE JULY Nacho Chipotle Tortilla Chips","4.67","0.0","Market Basket","5.5 oz","5.5 oz","No Image.jpg","","0"
"6351","Beverages & Juices","Soft Drinks & Seltzers","Soft Drinks","Polar","Polar Diet Pink Grapefruit Dry","","Polar Diet Pink Grapefruit Dry","1.49","0.0","Market Basket","1 L","1 L","No Image.jpg","","11"
"5272","Chips, Cookies & Snacks","Chips & Fruit Snacks","Chips & Pretzels","Good Health","Good Health Potato Chips Lime Ranch","","Good Health Potato Chips Lime Ranch","4.69","0.0","Market Basket","5 oz","5 oz","No Image.jpg","","0"
"5949","Beverages & Juices","Cocoa & Drink Mixes","Cocoa & Drink Mixes","Mr & Mrs T","Mr & Mrs T Sweet & Sour Mix","","Mr & Mrs T Sweet & Sour Mix","4.99","0.0","Market Basket","1 L","1 L","No Image.jpg","","17"
"5409","Chips, Cookies & Snacks","Cookies & Crackers","Crackers","Blue Diamond","Blue Diamond Honey Nut Thins Honey Cinnamon","","Blue Diamond Honey Nut Thins Honey Cinnamon","4.69","0.0","Market Basket","4.25 oz","4.25 oz","No Image.jpg","","6"
"8182","Condiments & Dressings","Marinades, Ketchup & Sauces","Condiments","Goya","Goya Hot Sauce Salsa Picante","","Goya Hot Sauce Salsa Picante","2.79","0.0","Market Basket","8 fl oz","8 fl oz","No Image.jpg","","7"
"548","Laundry & Paper Goods","Laundry","Laundry Detergent","Gain","Gain Aroma Boost Liquid Laundry Detergent, moonlight breeze","","Gain Aroma Boost Liquid Laundry Detergent, moonlight breeze","13.74","1.0","Market Basket","100 fl oz","100 fl oz","No Image.jpg","","15"
"6497","Chips, Cookies & Snacks","Nuts, Seeds & Dried Fruit","Nuts, Seeds & Dried Fruit","David","David Roasted & Salted Sunflower Kernels","","David Roasted & Salted Sunflower Kernels","2.74","0.0","Market Basket","8.5 oz","8.5 oz","No Image.jpg","","6"
"6226","Beverages & Juices","Water","Sparkling Water","Adirondack","Adirondack Wild Berry Sparkling Water","","Adirondack Wild Berry Sparkling Water","0.63","0.0","Market Basket","1 L","1 L","No Image.jpg","","11"
"6231","Beverages & Juices","Water","Sparkling Water","Aha","Aha Sparkling Water Citrus + Green Tea","","Aha Sparkling Water Citrus + Green Tea","4.18","0.0","Market Basket","8 x 12 fl oz","8 x 12 fl oz","No Image.jpg","","11"
"583","Laundry & Paper Goods","Laundry","Fabric Softener","Snuggle","Snuggle exhilarations blue iris and ocean bridge fabric conditioner","","Snuggle exhilarations blue iris and ocean bridge fabric conditioner","3.74","1.0","Market Basket","32 fl oz","32 fl oz","No Image.jpg","","15"
"5910","Beverages & Juices","Tea, Coffee, Milk & Coconut Water","Single To-Go Coffee","StarBucks","Starbucks Frappuccino Coffee Bottles 4 Pack","","Starbucks Frappuccino Coffee Bottles 4 Pack","6.24","0.0","Market Basket","4 x 9.5 fl oz","4 x 9.5 fl oz","No Image.jpg","","17"
"5987","Beverages & Juices","Cocoa & Drink Mixes","Cocoa & Drink Mixes","Master of Mixes","Master of Mixes 5 Pepper Bloody Mary Mixer","","Master of Mixes 5 Pepper Bloody Mary Mixer","7.49","0.0","Market Basket","1.75 L","1.75 L","No Image.jpg","","17"
"473","Laundry & Paper Goods","Laundry","Laundry Detergent","Oxi Clean","OxiClean Stain Fighters Fresco aroma Laundry Detergent","","OxiClean Stain Fighters Fresco aroma Laundry Detergent","6.86","1.0","Market Basket","1.58 kg","1.58 kg","No Image.jpg","","15"
"6221","Beverages & Juices","Soft Drinks & Seltzers","Seltzer","Adirondack","Adirondack Beverages Seltzer, Lemon Lime","","Adirondack Beverages Seltzer, Lemon Lime","2.5","0.0","Market Basket","8 x 12 fl oz","8 x 12 fl oz","No Image.jpg","","11"
"6222","Beverages & Juices","Soft Drinks & Seltzers","Seltzer","Adirondack","Adirondack Beverages Seltzer, Mandarin Orange","","Adirondack Beverages Seltzer, Mandarin Orange","2.5","0.0","Market Basket","8 x 12 fl oz","8 x 12 fl oz","No Image.jpg","","11"
"6375","Beverages & Juices","Water","Sparkling Water","Polar","Polar Raspberry Lime Sparkling Water","","Polar Raspberry Lime Sparkling Water","1.24","0.0","Market Basket","1 L","1 L","No Image.jpg","","11"
"5571","Chips, Cookies & Snacks","Candy & Chocolates","Candy & Chocolate","Rolo","Rolo Unwrapped Mini Chewy Caramels In Milk Chocolate","","Rolo Unwrapped Mini Chewy Caramels In Milk Chocolate","3.69","0.0","Market Basket","9.8 oz","9.8 oz","No Image.jpg","","3"
"6543","Chips, Cookies & Snacks","Nuts, Seeds & Dried Fruit","Nuts, Seeds & Dried Fruit","StoneRidge Orchards","StoneRidge Organic Blueberries","","StoneRidge Organic Blueberries","3.13","0.0","Market Basket","4 oz","4 oz","No Image.jpg","","6"
"116","Kitchen & Cleaning","Cleaning Products","Cleaning Brush","Butler Gum","Butler Gum Wire Bowl Brush","","Butler Gum Wire Bowl Brush","3.49","1.0","Market Basket","1 count","1 count","No Image.jpg","","15"
"6228","Beverages & Juices","Water","Sparkling Water","Adirondack","Adirondack Mandarin Orange Sparkling Water","","Adirondack Mandarin Orange Sparkling Water","0.63","0.0","Market Basket","1 L","1 L","No Image.jpg","","11"
"6557","Chips, Cookies & Snacks","Nuts, Seeds & Dried Fruit","Nuts, Seeds & Dried Fruit","Sunsweet","Sunsweet Mediterranean Apricots","","Sunsweet Mediterranean Apricots","6.86","0.0","Market Basket","16 oz","16 oz","No Image.jpg","","6"
"4564","Meat & Seafood","Lunch Meat","Pepperoni","Margherita","Margherita Pepperoni Unsliced","","Margherita Pepperoni Unsliced","4.05","0.0","Market Basket","Approx: 0.50 lb at $8.09/lb","Approx: 0.50 lb at $8.09/lb","No Image.jpg","","22"
"4224","Meat & Seafood","Packaged Meat & Seafood","Codfish","Bom Petisco","Bom Petisco Choice Bone In Salted Codfish","","Bom Petisco Choice Bone In Salted Codfish","10.99","0.0","Market Basket","24 oz","24 oz","No Image.jpg","","1"
"539","Laundry & Paper Goods","Laundry","Laundry Detergent","all","all stainlifters free clear odor relief 49 Loads Laundry Detergent","","all stainlifters free clear odor relief 49 Loads Laundry Detergent","10.61","1.0","Market Basket","88 fl oz","88 fl oz","No Image.jpg","","15"
"6077","Beverages & Juices","Soft Drinks & Seltzers","Soft Drinks","Green Cola","Green Cola No Sugar Box of Cans","","Green Cola No Sugar Box of Cans","6.24","0.0","Market Basket","8 x 12 fl oz","8 x 12 fl oz","No Image.jpg","","17"
"12673","Breakfast & Dairy","Breads & Rolls","Bread","Chabaso ","Chabaso Cranberry Pecan Bread","","Chabaso Cranberry Pecan Bread","6.49","0.0","Market Basket","1 count","1 count","No Image.jpg","","18"
"4688","Meat & Seafood","Canned Meat & Seafood","Canned Tuna","StarKist","Starkist chunk light tuna","","Starkist chunk light tuna","1.59","0.0","Market Basket","5 oz","5 oz","No Image.jpg","","2"
"4840","Chips, Cookies & Snacks","Chips & Fruit Snacks","Chips & Pretzels","Doritos","Doritos Spicy Sweet Chilli Tortilla Chips","","Doritos Spicy Sweet Chilli Tortilla Chips","5.47","0.0","Market Basket","9.75","9.75","No Image.jpg","","0"
"5263","Chips, Cookies & Snacks","Chips & Fruit Snacks","Chips & Pretzels","Eatsmart Snacks","Eatsmart Snacks Veggie Crisps 8 Snack Packs","","Eatsmart Snacks Veggie Crisps 8 Snack Packs","7.8","0.0","Market Basket","8 x 0.75 oz","8 x 0.75 oz","No Image.jpg","","0"
"6384","Beverages & Juices","Water","Sparkling Water","Polar","Polar Black Cherry Sparkling Water","","Polar Black Cherry Sparkling Water","1.24","0.0","Market Basket","1 L","1 L","No Image.jpg","","11"
"14707","Personal Care","Body Wash, Soap & Hair Care","Body Wash","Softsoap","Softsoap Island Quench Coconut Body Wash","","Softsoap Island Quench Coconut Body Wash","5.62","1.0","Market Basket","20 fl oz","20 fl oz","No Image.jpg","","13"
"4559","Meat & Seafood","Lunch Meat","Other Meat","Veroni","Veroni Prosciutto","","Veroni Prosciutto","8.59","0.0","Market Basket","4 oz","4 oz","No Image.jpg","","22"
"4828","Chips, Cookies & Snacks","Chips & Fruit Snacks","Chips & Pretzels","Cape Cod","Cape Cod Sea Salt & Cracked Pepper","","Cape Cod Sea Salt & Cracked Pepper","5.92","0.0","Market Basket","8 oz","8 oz","No Image.jpg","","0"
"480","Laundry & Paper Goods","Laundry","Laundry Detergent","Purex Liquid Detergents","Purex Concentrated Detergent + CLOROX 85 loads","","Purex Concentrated Detergent + CLOROX 85 loads","9.99","1.0","Market Basket","128 fl oz","128 fl oz","No Image.jpg","","15"
"6330","Beverages & Juices","Soft Drinks & Seltzers","Soft Drinks","Polar","Polar Premium Club Soda Cans","","Polar Premium Club Soda Cans","3.74","0.0","Market Basket","6 x 7.5 fl oz","6 x 7.5 fl oz","No Image.jpg","","11"
"4157","Meat & Seafood","Meat & Seafood Counter","Hen","Perdue","Perdue Whole Cornish Game Hen","","Perdue Whole Cornish Game Hen","2.79","0.0","Market Basket","1 lb","1 lb","No Image.jpg","","22"
"6147","Beverages & Juices","Soft Drinks & Seltzers","Soft Drinks","Mountain Dew","Mountain Dew Can","","Mountain Dew Can","5.63","0.0","Market Basket","10 x 7.5 fl oz","10 x 7.5 fl oz","No Image.jpg","","17"
"14704","Personal Care","Body Wash, Soap & Hair Care","Body Wash","Olay","Olay Sweet Peach Body Wash","","Olay Sweet Peach Body Wash","3.21","1.0","Market Basket","20 fl oz","20 fl oz","No Image.jpg","","13"
"6219","Beverages & Juices","Soft Drinks & Seltzers","Seltzer","Adirondack","Adirondack Beverages Seltzer, Original","","Adirondack Beverages Seltzer, Original","3.13","0.0","Market Basket","6 x 16.9 fl oz","6 x 16.9 fl oz","No Image.jpg","","11"
"5417","Chips, Cookies & Snacks","Cookies & Crackers","Crackers","Nabisco","Golden Oreo Mini","","Golden Oreo Mini","1.56","0.0","Market Basket","3.5 oz","3.5 oz","No Image.jpg","","6"
"561","Laundry & Paper Goods","Laundry","Laundry Detergent","Woolite","Woolite All Darks Laundry Detergent 33 Loads","","Woolite All Darks Laundry Detergent 33 Loads","12.49","1.0","Market Basket","50 fl oz","50 fl oz","No Image.jpg","","15"
"4217","Meat & Seafood","Packaged Meat & Seafood","Chicken Breast","Springer","Springer Skinless Boneless Chicken Breast","","Springer Skinless Boneless Chicken Breast","6.09","0.0","Market Basket","1 lb","1 lb","No Image.jpg","","22"
"6552","Chips, Cookies & Snacks","Nuts, Seeds & Dried Fruit","Nuts, Seeds & Dried Fruit","Ocean Spray","Ocean Spray Milk Chocolate Cranberry Bites","","Ocean Spray Milk Chocolate Cranberry Bites","2.49","0.0","Market Basket","5 oz","5 oz","No Image.jpg","","6"
"14924","Personal Care","First Aid & Healthcare","Cold, Flu & Allergy","Benadryl","Benadryl Children's Allergy Relief","","Benadryl Children's Allergy Relief","2.86","1.0","Market Basket","1 count","1 count","No Image.jpg","","13"
"6335","Beverages & Juices","Soft Drinks & Seltzers","Seltzer","Polar","Polar Raspberry Lime Seltzer","","Polar Raspberry Lime Seltzer","1.24","0.0","Market Basket","2 L","2 L","No Image.jpg","","11"
"4758","Meat & Seafood","Frozen Meat & Seafood","Frozen Shrimp","41/50","41/50 Count Previously Frozen Raw Shrimp","","41/50 Count Previously Frozen Raw Shrimp","13.69","0.0","Market Basket","1 lb","1 lb","No Image.jpg","","18"
"5954","Beverages & Juices","Cocoa & Drink Mixes","Cocoa & Drink Mixes","Mr & Mrs T","Mr & Mrs T Bold & Spicy Bloody Mary Mix","","Mr & Mrs T Bold & Spicy Bloody Mary Mix","4.99","0.0","Market Basket","1 L","1 L","No Image.jpg","","17"
"5313","Chips, Cookies & Snacks","Cookies & Crackers","Cookies & Cakes","Oreo","Chocolate Creme Oreo Family Size","","Chocolate Creme Oreo Family Size","5.47","0.0","Market Basket","566 g","566 g","No Image.jpg","","6"
"6326","Beverages & Juices","Soft Drinks & Seltzers","Soft Drinks","Polar","Polar Birch Beer Soda","","Polar Birch Beer Soda","1.49","0.0","Market Basket","1 L","1 L","No Image.jpg","","11"
"6352","Beverages & Juices","Soft Drinks & Seltzers","Soft Drinks","Polar","Polar Premium Club Soda","","Polar Premium Club Soda","1.49","0.0","Market Basket","1 L","1 L","No Image.jpg","","11"
"4560","Meat & Seafood","Lunch Meat","Other Meat","Veroni","Veroni Prosciutto","","Veroni Prosciutto","8.59","0.0","Market Basket","4 oz","4 oz","No Image.jpg","","22"
"521","Laundry & Paper Goods","Laundry","Laundry Detergent","Arm & Hammer","Arm & Hammer Clean& Simple Laundry Detergent Crisp Clean","","Arm & Hammer Clean& Simple Laundry Detergent Crisp Clean","9.99","1.0","Market Basket","122.5 fl oz","122.5 fl oz","No Image.jpg","","15"
"5223","Chips, Cookies & Snacks","Cookies & Crackers","Crackers","Nabisco","Nabisco Wheat Thins Crackers, Multigrain","","Nabisco Wheat Thins Crackers, Multigrain","3.91","0.0","Market Basket","8.5 oz","8.5 oz","No Image.jpg","","6"
"5999","Beverages & Juices","Energy & Sports Drinks","Energy & Sports Drinks","Monster","Monster Energy 10 Pack","","Monster Energy 10 Pack","19.36","0.0","Market Basket","10 x 16 fl oz","10 x 16 fl oz","No Image.jpg","","17"
"5305","Chips, Cookies & Snacks","Cookies & Crackers","Crackers","Nabisco","Nabisco Nilla Wafers","","Nabisco Nilla Wafers","5.14","0.0","Market Basket","11 oz","11 oz","No Image.jpg","","6"
"5248","Chips, Cookies & Snacks","Chips & Fruit Snacks","Ready Popcorn","LATE JULY","LATE JULY Sea Salt Organic Popcorn","","LATE JULY Sea Salt Organic Popcorn","4.69","0.0","Market Basket","4.4 oz","4.4 oz","No Image.jpg","","0"
"5885","Beverages & Juices","Cocoa & Drink Mixes","Cocoa & Drink Mixes","Tang","Tang Orange Mango Drink Mix","","Tang Orange Mango Drink Mix","3.36","0.0","Market Basket","19.7 oz","19.7 oz","No Image.jpg","","17"
"5335","Chips, Cookies & Snacks","Cookies & Crackers","Cookies & Cakes","belVita","belVita Bites Cinnamon Brown Sugar","","belVita Bites Cinnamon Brown Sugar","4.69","0.0","Market Basket","8.8 oz","8.8 oz","No Image.jpg","","6"
"6007","Beverages & Juices","Energy & Sports Drinks","Energy & Sports Drinks","Monster","Monster Energy Zero Ultra","","Monster Energy Zero Ultra","2.49","0.0","Market Basket","16 fl oz","16 fl oz","No Image.jpg","","17"
"4900","Chips, Cookies & Snacks","Chips & Fruit Snacks","Chips & Pretzels","PiratesBrands","Pirate's Booty Aged White Cheddar Rice and Corn Puffs Multi Pack","","Pirate's Booty Aged White Cheddar Rice and Corn Puffs Multi Pack","7.8","0.0","Market Basket","6 x 1 oz","6 x 1 oz","No Image.jpg","","0"
"5379","Chips, Cookies & Snacks","Cookies & Crackers","Crackers","Schar","Schar Gluten Free Cocoa Wafers","","Schar Gluten Free Cocoa Wafers","4.67","0.0","Market Basket","4.4 oz","4.4 oz","No Image.jpg","","6"
"5356","Chips, Cookies & Snacks","Cookies & Crackers","Crackers","Cheez-It","Cheez-it 12 Pack Extra Toasty","","Cheez-it 12 Pack Extra Toasty","6.23","0.0","Market Basket","12 oz","12 oz","No Image.jpg","","6"
"6128","Beverages & Juices","Soft Drinks & Seltzers","Soft Drinks","Fresca","Fresca Sparkling Soda Water Grapefruit Citrus Original","","Fresca Sparkling Soda Water Grapefruit Citrus Original","6.86","0.0","Market Basket","12 x 12 fl oz","12 x 12 fl oz","No Image.jpg","","17"
"6396","Beverages & Juices","Soft Drinks & Seltzers","Seltzer","Polar","Polar Seltzer Mango Limeade","","Polar Seltzer Mango Limeade","4.18","0.0","Market Basket","8 x 12 fl oz","8 x 12 fl oz","No Image.jpg","","11"
"578","Laundry & Paper Goods","Laundry","Fabric Softener","Downy","Downy WrinkleGuard Fabric Conditioner","","Downy WrinkleGuard Fabric Conditioner","6.86","1.0","Market Basket","740 ml","740 ml","No Image.jpg","","15"
"5230","Chips, Cookies & Snacks","Cookies & Crackers","Crackers","Nabisco","Nabisco Wheat Thins Crackers, reduced Fat","","Nabisco Wheat Thins Crackers, reduced Fat","4.69","0.0","Market Basket","14.5 oz","14.5 oz","No Image.jpg","","6"
"5400","Chips, Cookies & Snacks","Cookies & Crackers","Crackers","Back to Nature","Back to Nature Chocolate Chunk Cookies","","Back to Nature Chocolate Chunk Cookies","6.23","0.0","Market Basket","9.5 oz","9.5 oz","No Image.jpg","","6"
"5358","Chips, Cookies & Snacks","Cookies & Crackers","Crackers","Nabisco","Nabisco Mini Chips Ahoy! 12 Packs","","Nabisco Mini Chips Ahoy! 12 Packs","6.23","0.0","Market Basket","12 x 1 oz","12 x 1 oz","No Image.jpg","","6"
"89","Kitchen & Cleaning","Cleaning Products","All Purpose Cleaner","Fresh 'n Clean","Fresh 'n Clean All Purpose Pine Cleaner","","Fresh 'n Clean All Purpose Pine Cleaner","1.29","1.0","Market Basket","28 fl oz","28 fl oz","No Image.jpg","","15"
"6325","Beverages & Juices","Soft Drinks & Seltzers","Soft Drinks","Polar","Polar Root Beer Soda","","Polar Root Beer Soda","1.49","0.0","Market Basket","1 L","1 L","No Image.jpg","","11"
"5321","Chips, Cookies & Snacks","Cookies & Crackers","Cookies & Cakes","Chips Ahoy!","Chips Ahoy! Chewy Reese's Peanut Butter Cups Cookies","","Chips Ahoy! Chewy Reese's Peanut Butter Cups Cookies","3.91","0.0","Market Basket","9.5 oz","9.5 oz","No Image.jpg","","6"
"6042","Beverages & Juices","Juices & Refrigerated Drinks","Juice & Nectars","Rose's","Rose's Grenadine Syrup","","Rose's Grenadine Syrup","3.74","0.0","Market Basket","12 fl oz","12 fl oz","No Image.jpg","","17"
"5318","Chips, Cookies & Snacks","Cookies & Crackers","Cookies & Cakes","Oreo","Oreo Carrot Cake Flavored Cookie Family Size","","Oreo Carrot Cake Flavored Cookie Family Size","5.47","0.0","Market Basket","482 g","482 g","No Image.jpg","","6"
"552","Laundry & Paper Goods","Laundry","Fabric Softener","Gain","Gain fabric Softener original 60 Loads","","Gain fabric Softener original 60 Loads","6.86","1.0","Market Basket","1.53 L","1.53 L","No Image.jpg","","15"
"489","Laundry & Paper Goods","Laundry","Laundry Detergent","Purex","Purex 4 in 1 Pacs Mountain Breeze 58 pack Laundry Detergent","","Purex 4 in 1 Pacs Mountain Breeze 58 pack Laundry Detergent","9.99","1.0","Market Basket","58 pack","58 pack","No Image.jpg","","15"
"411","Laundry & Paper Goods","Paper Goods","Bathroom Tissues / Toilet Paper","Scott","Scott Comfort Plus unscented bathroom tissue","","Scott Comfort Plus unscented bathroom tissue","7.49","1.0","Market Basket","12 count","12 count","No Image.jpg","","14"
"4437","Meat & Seafood","Hot Dogs, Bacon & Sausage","Hot Dogs","Meisterchef","Meisterchef Bologna","","Meisterchef Bologna","2.79","0.0","Market Basket","1 lb","1 lb","No Image.jpg","","1"
"484","Laundry & Paper Goods","Laundry","Laundry Detergent","Purex Liquid Detergents","Purex Natural Elements Linen & Lilies 115 Loads Laundry Detergent","","Purex Natural Elements Linen & Lilies 115 Loads Laundry Detergent","9.99","1.0","Market Basket","150 fl oz","150 fl oz","No Image.jpg","","15"
"5368","Chips, Cookies & Snacks","Cookies & Crackers","Cookies & Cakes","Homefree","Homefree Vanilla Mini Cookies","","Homefree Vanilla Mini Cookies","6.23","0.0","Market Basket","5 oz","5 oz","No Image.jpg","","6"
"5315","Chips, Cookies & Snacks","Cookies & Crackers","Cookies & Cakes","Oreo","Oreo Chocolate Marshmallow Cookies Family Size","","Oreo Chocolate Marshmallow Cookies Family Size","5.47","0.0","Market Basket","17 oz","17 oz","No Image.jpg","","6"
"4526","Meat & Seafood","Lunch Meat","Ham","Smithfield","Smithfield Sliced Hickory Smoked Boneless Ham","","Smithfield Sliced Hickory Smoked Boneless Ham","9.33","0.0","Market Basket","Approx: 2.28 lb at $4.09/lb","Approx: 2.28 lb at $4.09/lb","No Image.jpg","","22"
"562","Laundry & Paper Goods","Laundry","Laundry Detergent","Woolite","woolite Delicates 8 washes Laundry Detergent","","woolite Delicates 8 washes Laundry Detergent","6.24","1.0","Market Basket","16 fl oz","16 fl oz","No Image.jpg","","15"
"6412","Beverages & Juices","Water","Sparkling Water","Spindrift","Spindrift Sparkling Water Lime","","Spindrift Sparkling Water Lime","6.24","0.0","Market Basket","8 x 12 fl oz","8 x 12 fl oz","No Image.jpg","","11"
"6530","Chips, Cookies & Snacks","Nuts, Seeds & Dried Fruit","Nuts, Seeds & Dried Fruit","Sunmaid","Sunmaid California Sun-dried Raisins","","Sunmaid California Sun-dried Raisins","2.5","0.0","Market Basket","6 x 1 oz","6 x 1 oz","No Image.jpg","","6"
"5988","Beverages & Juices","Cocoa & Drink Mixes","Cocoa & Drink Mixes","Master of Mixes","Master of Mixes Classic Bloody Mary Mixer","","Master of Mixes Classic Bloody Mary Mixer","7.49","0.0","Market Basket","1.75 L","1.75 L","No Image.jpg","","17"
"8279","Condiments & Dressings","Fresh Dips & Tapenades","Fresh Dips & Tapenades","Cedar","Cedar Greek Style Yogurt Dip, Buffalo Bleu Cheese","","Cedar Greek Style Yogurt Dip, Buffalo Bleu Cheese","2.49","0.0","Market Basket","11 oz","11 oz","No Image.jpg","","1"
"6386","Beverages & Juices","Water","Sparkling Water","Polar","Polar Strawberry Watermelon Sparkling Water","","Polar Strawberry Watermelon Sparkling Water","1.24","0.0","Market Basket","1 L","1 L","No Image.jpg","","11"
"6315","Beverages & Juices","Water","Sparkling Water","Poland Spring","Poland Spring Sparkling Water, Orange Mango","","Poland Spring Sparkling Water, Orange Mango","3.74","0.0","Market Basket","8 x 12 fl oz","8 x 12 fl oz","No Image.jpg","","11"
"6095","Beverages & Juices","Soft Drinks & Seltzers","Soft Drinks","Coca-Cola","Coca Cola Zero Sugar Can","","Coca Cola Zero Sugar Can","4.16","0.0","Market Basket","6 x 12 fl oz","6 x 12 fl oz","No Image.jpg","","17"
"5997","Beverages & Juices","Energy & Sports Drinks","Energy & Sports Drinks","Monster","Monster Energy Ultra Sunrise 4 Pack","","Monster Energy Ultra Sunrise 4 Pack","8.74","0.0","Market Basket","4 x 16 fl oz","4 x 16 fl oz","No Image.jpg","","17"
"6191","Beverages & Juices","Ginger Ale & Ginger Beer","Ginger Ale","Schweppes","Schweppes Ginger Ale Box of Cans","","Schweppes Ginger Ale Box of Cans","9.99","0.0","Market Basket","24 x 12 fl oz","24 x 12 fl oz","No Image.jpg","","17"
"5001","Chips, Cookies & Snacks","Chips & Fruit Snacks","Chips & Pretzels","Utz","Utz Ripple Fried Dill Pickles Potato Chips","","Utz Ripple Fried Dill Pickles Potato Chips","4.69","0.0","Market Basket","9 oz","9 oz","No Image.jpg","","0"
"6123","Beverages & Juices","Soft Drinks & Seltzers","Soft Drinks","Fanta","Fanta Orange Zero Sugar","","Fanta Orange Zero Sugar","1.24","0.0","Market Basket","2 L","2 L","No Image.jpg","","17"
"6449","Chips, Cookies & Snacks","Jerkies","Jerky","Jack Link's","Jack Link's Teriyaki Beef Jerky","","Jack Link's Teriyaki Beef Jerky","4.99","0.0","Market Basket","2.85 oz","2.85 oz","No Image.jpg","","6"
"625","Laundry & Paper Goods","Paper Goods","Wipes","Scotties","Scotties everyday comfort","","Scotties everyday comfort","2.86","1.0","Market Basket","230 count","230 count","No Image.jpg","","14"
"12959","Breakfast & Dairy","Breads & Rolls","Tortillas & Flat Bread","Cinco De Mayo","Cinco De Mayo Corn Tortillas","","Cinco De Mayo Corn Tortillas","1.49","0.0","Market Basket","2 lb","2 lb","No Image.jpg","","18"
"14926","Personal Care","First Aid & Healthcare","Cold, Flu & Allergy","Equate","Equate Daytime Cold & Flu","","Equate Daytime Cold & Flu","3.55","1.0","Market Basket","1 pack","1 pack","No Image.jpg","","13"
"6371","Beverages & Juices","Water","Tonic Water","Polar","Polar Zero Sugar Tonic Water Traditional","","Polar Zero Sugar Tonic Water Traditional","1.49","0.0","Market Basket","1 L","1 L","No Image.jpg","","11"
"6453","Chips, Cookies & Snacks","Jerkies","Jerky","Matador","Matador Original Beef Jerky","","Matador Original Beef Jerky","6.86","0.0","Market Basket","3 oz","3 oz","No Image.jpg","","6"
"6311","Beverages & Juices","Water","Sparkling Water","Poland Spring","Poland Spring Sparkling Water, Raspberry Lime","","Poland Spring Sparkling Water, Raspberry Lime","3.74","0.0","Market Basket","8 x 16.9 fl oz","8 x 16.9 fl oz","No Image.jpg","","11"
"5276","Chips, Cookies & Snacks","Chips & Fruit Snacks","Chips & Pretzels","Good Health","Good Health Organic Baked Cheese Fries Cheddar","","Good Health Organic Baked Cheese Fries Cheddar","3.13","0.0","Market Basket","5.5 oz","5.5 oz","No Image.jpg","","0"
"6506","Chips, Cookies & Snacks","Nuts, Seeds & Dried Fruit","Nuts, Seeds & Dried Fruit","Blue Diamond","Blue Diamond Oven Roasted Almonds","","Blue Diamond Oven Roasted Almonds","9.99","0.0","Market Basket","16 oz","16 oz","No Image.jpg","","6"
"5972","Beverages & Juices","Cocoa & Drink Mixes","Cocoa & Drink Mixes","Master of Mixes","Master of Mixes Handcrafted Mango Daiquiri & Margarita Mixer","","Master of Mixes Handcrafted Mango Daiquiri & Margarita Mixer","4.99","0.0","Market Basket","33.8 fl oz","33.8 fl oz","No Image.jpg","","17"
"6148","Beverages & Juices","Soft Drinks & Seltzers","Soft Drinks","Mountain Dew","Mountain Dew Box of Cans","","Mountain Dew Box of Cans","9.99","0.0","Market Basket","24 x 12 fl oz","24 x 12 fl oz","No Image.jpg","","17"
"565","Laundry & Paper Goods","Laundry","Laundry Detergent","Persil","Persil ProClean plus Odor Fighter Detergent Deep Clean 20 Loads","","Persil ProClean plus Odor Fighter Detergent Deep Clean 20 Loads","7.49","1.0","Market Basket","40 fl oz","40 fl oz","No Image.jpg","","15"
"6234","Beverages & Juices","Water","Sparkling Water","Bubly","Bubly Sparkling Water Strawberry","","Bubly Sparkling Water Strawberry","4.18","0.0","Market Basket","8 x 12 fl oz","8 x 12 fl oz","No Image.jpg","","11"
"6009","Beverages & Juices","Energy & Sports Drinks","Energy & Sports Drinks","NOS","NOS High Performance Energy Drink 8 Pack","","NOS High Performance Energy Drink 8 Pack","12.49","0.0","Market Basket","8 x 16 fl oz","8 x 16 fl oz","No Image.jpg","","17"
"60","Kitchen & Cleaning","Air Fresheners & Candles","Candle","OW","OW Vanilla Candle","","OW Vanilla Candle","1.29","1.0","Market Basket","1 ct","1 ct","No Image.jpg","","12"
"6030","Beverages & Juices","Energy & Sports Drinks","Energy & Sports Drinks","Red Bull","Red Bull Peach Edition - Peach Nectarine","","Red Bull Peach Edition - Peach Nectarine","3.13","0.0","Market Basket","12 fl oz","12 fl oz","No Image.jpg","","17"
"4461","Meat & Seafood","Hot Dogs, Bacon & Sausage","Sausage","DiLuigi","DiLuigi Sweet Italian Chicken Sausage","","DiLuigi Sweet Italian Chicken Sausage","4.89","0.0","Market Basket","1 lb","1 lb","No Image.jpg","","1"
"6476","Chips, Cookies & Snacks","Nuts, Seeds & Dried Fruit","Nuts, Seeds & Dried Fruit","Superior Nut Company","Superior Nut Company Honey Roasted Almonds","","Superior Nut Company Honey Roasted Almonds","7.49","0.0","Market Basket","15 oz","15 oz","No Image.jpg","","6"
"6484","Chips, Cookies & Snacks","Nuts, Seeds & Dried Fruit","Nuts, Seeds & Dried Fruit","Teddie Premium Selection","Teddie Premium Selection Honey Roasted Extra Large Virginia Peanuts","","Teddie Premium Selection Honey Roasted Extra Large Virginia Peanuts","3.13","0.0","Market Basket","9 oz","9 oz","No Image.jpg","","6"
"5376","Chips, Cookies & Snacks","Cookies & Crackers","Crackers","Kinnikinnick","Kinnikinnick Mini Kritters","","Kinnikinnick Mini Kritters","6.23","0.0","Market Basket","8 oz","8 oz","No Image.jpg","","6"
"5007","Chips, Cookies & Snacks","Chips & Fruit Snacks","Chips & Pretzels","Utz","Utz The Crab Chip Potato Chips","","Utz The Crab Chip Potato Chips","4.69","0.0","Market Basket","9 oz","9 oz","No Image.jpg","","0"
"15114","Personal Care","Personal Needs","Facial Care","Olay","Olay Exfoliating Scrub, Deep Pore Clean, Out of This Swirled!","","Olay Exfoliating Scrub, Deep Pore Clean, Out of This Swirled!","9.19","1.0","Market Basket","5 oz","5 oz","No Image.jpg","","13"
"6045","Beverages & Juices","Juices & Refrigerated Drinks","Juice & Nectars","Kool-Aid","Kool Aid Grape","","Kool Aid Grape","3.36","0.0","Market Basket","19 oz","19 oz","No Image.jpg","","17"
"12979","Breakfast & Dairy","Breads & Rolls","Tortillas & Flat Bread","Pepito","Pepito Soft Taco Tortillas","","Pepito Soft Taco Tortillas","1.89","0.0","Market Basket","12 oz","12 oz","No Image.jpg","","7"
"6044","Beverages & Juices","Juices & Refrigerated Drinks","Juice & Nectars","Kool-Aid","Kool Aid Cherry","","Kool Aid Cherry","3.36","0.0","Market Basket","19 oz","19 oz","No Image.jpg","","17"
"14349","Breakfast & Dairy","Tea & Coffee","Coffee","Cafe Jose","Cafe Jose Tarrazu Reserve","","Cafe Jose Tarrazu Reserve","8.59","0.0","Market Basket","12 oz","12 oz","No Image.jpg","","8"
"5933","Beverages & Juices","Tea, Coffee, Milk & Coconut Water","Single To-Go Coffee","Twix","Twix Chocolate Lowfat Milk","","Twix Chocolate Lowfat Milk","3.74","0.0","Market Basket","14 fl oz","14 fl oz","No Image.jpg","","17"
"5017","Chips, Cookies & Snacks","Chips & Fruit Snacks","Chips & Pretzels","Utz","Utz Pork Rinds Chicharrones Original","","Utz Pork Rinds Chicharrones Original","3.11","0.0","Market Basket","5 oz","5 oz","No Image.jpg","","0"
"6270","Beverages & Juices","Water","Water","Glaceau","Glaceau Vapor Distilled Premium Water Bottle Alkaline","","Glaceau Vapor Distilled Premium Water Bottle Alkaline","9.99","0.0","Market Basket","6 x 1 L","6 x 1 L","No Image.jpg","","11"
"493","Laundry & Paper Goods","Laundry","Laundry Detergent","Tide","Tide Simply + OXI Refreshing Breeze 20 Loads Laundry Detergent","","Tide Simply + OXI Refreshing Breeze 20 Loads Laundry Detergent","4.36","1.0","Market Basket","31 fl oz","31 fl oz","No Image.jpg","","15"
"6376","Beverages & Juices","Water","Sparkling Water","Polar","Polar Lemon Sparkling Water","","Polar Lemon Sparkling Water","1.24","0.0","Market Basket","1 L","1 L","No Image.jpg","","11"
"5436","Chips, Cookies & Snacks","Candy & Chocolates","Candy & Chocolate","Drake's","Drake's Devil Dogs Creme Filled Devils Food Cakes","","Drake's Devil Dogs Creme Filled Devils Food Cakes","6.09","0.0","Market Basket","16 ct","16 ct","No Image.jpg","","18"
"367","Kitchen & Cleaning","Food Storage & Kitchen Supplies","Storage Containers","Ziploc","Ziploc S Square 4 Pk","","Ziploc S Square 4 Pk","3.49","1.0","Market Basket","4 count","4 count","No Image.jpg","","12"
"585","Laundry & Paper Goods","Laundry","Fabric Softener","Snuggle","Snuggle exhilarations island hibiscus & rainflower fabric conditioner","","Snuggle exhilarations island hibiscus & rainflower fabric conditioner","3.74","1.0","Market Basket","32 fl oz","32 fl oz","No Image.jpg","","15"
"592","Laundry & Paper Goods","Laundry","Fabric Softener","Final Touch","Final Touch Fabric Softener plus conditioner Spring Fresh 36 Loads","","Final Touch Fabric Softener plus conditioner Spring Fresh 36 Loads","2.74","1.0","Market Basket","72 fl oz","72 fl oz","No Image.jpg","","15"
"4282","Meat & Seafood","Packaged Meat & Seafood","Turkey","DiLuigi","Di Luigi Turkey Patties","","Di Luigi Turkey Patties","6.79","0.0","Market Basket","1.29 lb","1.29 lb","No Image.jpg","","22"
"6479","Chips, Cookies & Snacks","Nuts, Seeds & Dried Fruit","Nuts, Seeds & Dried Fruit","River Queen","River Queen Honey Roasted Peanuts","","River Queen Honey Roasted Peanuts","2.5","0.0","Market Basket","13 oz","13 oz","No Image.jpg","","6"
"6203","Beverages & Juices","Soft Drinks & Seltzers","Soft Drinks","7 up","7 Up Cherry Box of Cans","","7 Up Cherry Box of Cans","6.86","0.0","Market Basket","12 x 12 fl oz","12 x 12 fl oz","No Image.jpg","","17"
"8224","Condiments & Dressings","Marinades, Ketchup & Sauces","Condiments","Lavant","Lavant Tahina","","Lavant Tahina","3.09","0.0","Market Basket","16 oz","16 oz","No Image.jpg","","2"
"5995","Beverages & Juices","Energy & Sports Drinks","Energy & Sports Drinks","Gatorade","Gatorade Thirst Quencher Fruit Punch Powder Packs","","Gatorade Thirst Quencher Fruit Punch Powder Packs","3.74","0.0","Market Basket","8 x 1.24 oz","8 x 1.24 oz","No Image.jpg","","17"
"5371","Chips, Cookies & Snacks","Cookies & Crackers","Cookies & Cakes","Enjoy Life","Enjoy Life Soft Baked Cookies Snickerdoodle","","Enjoy Life Soft Baked Cookies Snickerdoodle","6.23","0.0","Market Basket","6 oz","6 oz","No Image.jpg","","6"
"4342","Meat & Seafood","Meat & Seafood Counter","Sausage","Deli","Deli Sliced Liverwurst","","Deli Sliced Liverwurst","5.59","0.0","Market Basket","1 lb","1 lb","No Image.jpg","","22"
"6416","Chips, Cookies & Snacks","Chips & Fruit Snacks","Rice Cake","Lundberg Family Farms","Lundberg Family Farms Organic Wild Rice Lightly Salted Whole Grain Rice Cakes","","Lundberg Family Farms Organic Wild Rice Lightly Salted Whole Grain Rice Cakes","3.74","0.0","Market Basket","8.5 oz","8.5 oz","No Image.jpg","","6"
"5246","Chips, Cookies & Snacks","Chips & Fruit Snacks","Chips & Pretzels","LATE JULY","LATE JULY Mild Green Mojo Tortilla Chips Organic","","LATE JULY Mild Green Mojo Tortilla Chips Organic","4.67","0.0","Market Basket","6 oz","6 oz","No Image.jpg","","0"
"6477","Chips, Cookies & Snacks","Nuts, Seeds & Dried Fruit","Nuts, Seeds & Dried Fruit","River Queen","River Queen Salted Fancy Mixed Nuts","","River Queen Salted Fancy Mixed Nuts","6.24","0.0","Market Basket","8 oz","8 oz","No Image.jpg","","6"
"5333","Breakfast & Dairy","Bars & Pastries","Breakfast Bars","Nature's Bakery","Nature's Bakery Oatmeal Crumble Strawberry","","Nature's Bakery Oatmeal Crumble Strawberry","4.69","0.0","Market Basket","6 x 1.41 oz","6 x 1.41 oz","No Image.jpg","","6"
"5331","Breakfast & Dairy","Bars & Pastries","Breakfast Bars","Nature's Bakery","Nature's Bakery Fig Bar Raspberry","","Nature's Bakery Fig Bar Raspberry","4.69","0.0","Market Basket","6 x 2 oz","6 x 2 oz","No Image.jpg","","6"
"5979","Beverages & Juices","Cocoa & Drink Mixes","Cocoa & Drink Mixes","Master of Mixes","Master of Mixes Triple Sec","","Master of Mixes Triple Sec","3.74","0.0","Market Basket","375 ml","375 ml","No Image.jpg","","17"
"6549","Chips, Cookies & Snacks","Nuts, Seeds & Dried Fruit","Nuts, Seeds & Dried Fruit","Next Organics","Next Organics Dried Mango","","Next Organics Dried Mango","5.61","0.0","Market Basket","4 oz","4 oz","No Image.jpg","","6"
"616","Laundry & Paper Goods","Paper Goods","Wipes","Puffs","Puffs Softly Eases Sneezes","","Puffs Softly Eases Sneezes","2.74","1.0","Market Basket","80 count","80 count","No Image.jpg","","14"
"560","Laundry & Paper Goods","Laundry","Laundry Detergent","Woolite","Woolite All Clothes Laundry Detergent 33 Loads","","Woolite All Clothes Laundry Detergent 33 Loads","12.49","1.0","Market Basket","50 fl oz","50 fl oz","No Image.jpg","","15"
"8747","Condiments & Dressings","Preserved Dips & Spreads","Preserved Dips & Salsa","Margarita's","Margarita's Hot Salsa","","Margarita's Hot Salsa","3.69","0.0","Market Basket","16 oz","16 oz","No Image.jpg","","1"
"5274","Chips, Cookies & Snacks","Chips & Fruit Snacks","Chips & Pretzels","Good Health","Good Health Sweet Potato Sea Salted Kettle Style Chips","","Good Health Sweet Potato Sea Salted Kettle Style Chips","4.69","0.0","Market Basket","5 oz","5 oz","No Image.jpg","","0"
"10661","Pasta & Sauces","Pasta Sauce","Pasta Sauce","Strega ","Strega Marinara Sauce","","Strega Marinara Sauce","4.89","0.0","Market Basket","26 oz","26 oz","No Image.jpg","","4"
"4377","Meat & Seafood","Meat & Seafood Counter","Turkey Thighs","Shady Brook Farms","Shady Brook Farms Turkey Thighs","","Shady Brook Farms Turkey Thighs","5.58","0.0","Market Basket","Approx: 2.00 lb at $2.79/lb","Approx: 2.00 lb at $2.79/lb","No Image.jpg","","22"
"5160","Chips, Cookies & Snacks","Cookies & Crackers","Crackers","Olde Cape Cod","Olde Cape Cod Oyster Crackers Multi-pack","","Olde Cape Cod Oyster Crackers Multi-pack","3.13","0.0","Market Basket","7.5 oz","7.5 oz","No Image.jpg","","6"
"5951","Beverages & Juices","Cocoa & Drink Mixes","Cocoa & Drink Mixes","Mr & Mrs T","Mr & Mrs T Pina Colada Mix","","Mr & Mrs T Pina Colada Mix","4.99","0.0","Market Basket","1 L","1 L","No Image.jpg","","17"
"5891","Beverages & Juices","Tea, Coffee, Milk & Coconut Water","Single To-Go Coffee","StarBucks","Starbucks Cold Brew Cocoa & Honey Flavored","","Starbucks Cold Brew Cocoa & Honey Flavored","3.74","0.0","Market Basket","11 fl oz","11 fl oz","No Image.jpg","","17"
"4051","Meat & Seafood","Meat & Seafood Counter","Beef","Certified Angus Beef","Certified Angus Beef Sirloin Tip Steaks USDA Choice","","Certified Angus Beef Sirloin Tip Steaks USDA Choice","14.98","0.0","Market Basket","1 lb","1 lb","No Image.jpg","","22"
"5359","Chips, Cookies & Snacks","Cookies & Crackers","Crackers","Nabisco","Nabisco Minions Teddy Grahams 12 Pack","","Nabisco Minions Teddy Grahams 12 Pack","6.23","0.0","Market Basket","12 x 1 oz","12 x 1 oz","No Image.jpg","","6"
"5334","Breakfast & Dairy","Bars & Pastries","Breakfast Bars","Nature's Bakery","Nature's Bakery Oatmeal Crumble Apple","","Nature's Bakery Oatmeal Crumble Apple","4.69","0.0","Market Basket","6 x 1.41 oz","6 x 1.41 oz","No Image.jpg","","6"
"5046","Chips, Cookies & Snacks","Cookies & Crackers","Cookies & Cakes","Famous Amos","Famous Amos Bite Size Chocolate Chip","","Famous Amos Bite Size Chocolate Chip","1.56","0.0","Market Basket","2.7 oz","2.7 oz","No Image.jpg","","6"
"5398","Chips, Cookies & Snacks","Cookies & Crackers","Crackers","Back to Nature","Back to Nature Classic Creme Cookies","","Back to Nature Classic Creme Cookies","6.23","0.0","Market Basket","12 oz","12 oz","No Image.jpg","","6"
"6242","Beverages & Juices","Ginger Ale & Ginger Beer","Ginger Beer","Fever-Tree","Fever-Tree Premium Ginger Beer","","Fever-Tree Premium Ginger Beer","7.49","0.0","Market Basket","6.8 fl oz","6.8 fl oz","No Image.jpg","","17"
"5969","Beverages & Juices","Cocoa & Drink Mixes","Cocoa & Drink Mixes","Master of Mixes","Master of Mixes Handcrafted Strawberry Daiquiri & Margarita Mixer","","Master of Mixes Handcrafted Strawberry Daiquiri & Margarita Mixer","4.99","0.0","Market Basket","33.8 fl oz","33.8 fl oz","No Image.jpg","","17"
"5173","Chips, Cookies & Snacks","Cookies & Crackers","Crackers","Dare","Dare Breton Herb & Garlic Gluten Free","","Dare Breton Herb & Garlic Gluten Free","3.13","0.0","Market Basket","4.76 oz","4.76 oz","No Image.jpg","","6"
"6236","Beverages & Juices","Water","Sparkling Water","Bubly","Bubly Sparkling Water Blackberry","","Bubly Sparkling Water Blackberry","4.18","0.0","Market Basket","8 x 12 fl oz","8 x 12 fl oz","No Image.jpg","","11"
"6486","Chips, Cookies & Snacks","Nuts, Seeds & Dried Fruit","Nuts, Seeds & Dried Fruit","Teddie Premium Selection","Teddie Premium Selection Extra Fancy Mixed Nuts","","Teddie Premium Selection Extra Fancy Mixed Nuts","6.24","0.0","Market Basket","8 oz","8 oz","No Image.jpg","","6"
"9070","Condiments & Dressings","Preserved Dips & Spreads","Spreads","Teddie","Teddie Organic All Natural Peanut Butter Chunky","","Teddie Organic All Natural Peanut Butter Chunky","6.09","0.0","Market Basket","16 oz","16 oz","No Image.jpg","","3"
"465","Laundry & Paper Goods","Laundry","Laundry Detergent","Sun","Sun Triple Clean tropical breeze 32 medium loads laundry detergent","","Sun Triple Clean tropical breeze 32 medium loads laundry detergent","2.49","1.0","Market Basket","45.4 fl oz","45.4 fl oz","No Image.jpg","","15"
"5198","Chips, Cookies & Snacks","Cookies & Crackers","Crackers","Milton's","Milton's Craft Bakers Gluten Free Baked Crackers Everything","","Milton's Craft Bakers Gluten Free Baked Crackers Everything","3.91","0.0","Market Basket","4.5 oz","4.5 oz","No Image.jpg","","6"
"6472","Chips, Cookies & Snacks","Nuts, Seeds & Dried Fruit","Nuts, Seeds & Dried Fruit","Kars","Kars Sweet 'N Salty Mix","","Kars Sweet 'N Salty Mix","3.13","0.0","Market Basket","10 oz","10 oz","No Image.jpg","","6"
"4963","Chips, Cookies & Snacks","Chips & Fruit Snacks","Chips & Pretzels","Sun Chips","Sun Chips 100% Whole Grain Original French Onion","","Sun Chips 100% Whole Grain Original French Onion","5.14","0.0","Market Basket","7 oz","7 oz","No Image.jpg","","0"
"6161","Beverages & Juices","Soft Drinks & Seltzers","Soft Drinks","Pepsi","Pepsi Diet Box of Cans","","Pepsi Diet Box of Cans","9.99","0.0","Market Basket","24 x 12 fl oz","24 x 12 fl oz","No Image.jpg","","17"
"4535","Meat & Seafood","Lunch Meat","Other Meat","Columbus","Columbus Pancetta","","Columbus Pancetta","14.69","0.0","Market Basket","1 lb","1 lb","No Image.jpg","","22"
"4610","Meat & Seafood","Lunch Meat","Turkey","Thin 'n Trim","Thin 'n Trim Thinly Sliced Honey Turkey Breast","","Thin 'n Trim Thinly Sliced Honey Turkey Breast","3.69","0.0","Market Basket","8 oz","8 oz","No Image.jpg","","22"
"5394","Chips, Cookies & Snacks","Cookies & Crackers","Crackers","Mary's Gone Crackers","Mary's Gone Crackers Super Seed Classic","","Mary's Gone Crackers Super Seed Classic","6.23","0.0","Market Basket","6.5 oz","6.5 oz","No Image.jpg","","6"
"6188","Beverages & Juices","Ginger Ale & Ginger Beer","Ginger Ale","Schweppes","Schweppes Diet Ginger Ale","","Schweppes Diet Ginger Ale","5.0","0.0","Market Basket","6 x 16.9 fl oz","6 x 16.9 fl oz","No Image.jpg","","17"
"6198","Beverages & Juices","Soft Drinks & Seltzers","Soft Drinks","7 up","7 Up Lemon Lime","","7 Up Lemon Lime","4.99","0.0","Market Basket","6 x 16.9 fl oz","6 x 16.9 fl oz","No Image.jpg","","17"
"6046","Beverages & Juices","Juices & Refrigerated Drinks","Juice & Nectars","Kool-Aid","Kool Aid Orange","","Kool Aid Orange","3.36","0.0","Market Basket","19 oz","19 oz","No Image.jpg","","17"
"6630","Beverages & Juices","Juices & Refrigerated Drinks","Refrigerated Drinks","Oakhurst","Oakhurst Orange Juice","","Oakhurst Orange Juice","1.89","0.0","Market Basket","32 fl oz","32 fl oz","No Image.jpg","","1"
"6342","Beverages & Juices","Soft Drinks & Seltzers","Soft Drinks","Polar","Polar Black Cherry Soda Cans","","Polar Black Cherry Soda Cans","4.99","0.0","Market Basket","12 x 12 fl oz","12 x 12 fl oz","No Image.jpg","","11"
"6503","Chips, Cookies & Snacks","Nuts, Seeds & Dried Fruit","Nuts, Seeds & Dried Fruit","Blue Diamond","Blue Diamond Roasted Salted Almonds","","Blue Diamond Roasted Salted Almonds","9.99","0.0","Market Basket","16 oz","16 oz","No Image.jpg","","6"
"504","Laundry & Paper Goods","Laundry","Laundry Detergent","Tide","Tide Plus Downy Pods Laundry Detergent","","Tide Plus Downy Pods Laundry Detergent","16.24","1.0","Market Basket","32 x 30 oz","32 x 30 oz","No Image.jpg","","15"
"6535","Chips, Cookies & Snacks","Nuts, Seeds & Dried Fruit","Nuts, Seeds & Dried Fruit","Sunmaid","Sunmaid California Sun-dried Raisins","","Sunmaid California Sun-dried Raisins","3.74","0.0","Market Basket","13 oz","13 oz","No Image.jpg","","6"
"5303","Chips, Cookies & Snacks","Cookies & Crackers","Crackers","Keebler","Keebler Animal Cookies Frosted Fully Frosted Shortbread Animal Shapes","","Keebler Animal Cookies Frosted Fully Frosted Shortbread Animal Shapes","4.69","0.0","Market Basket","13 oz","13 oz","No Image.jpg","","6"
"5143","Chips, Cookies & Snacks","Cookies & Crackers","Cookies & Cakes","belVita","belVita Snack Packs 12 Packs 6 Packs Blueberry 3 Packs Chocolate 3 Packs Cinnamon Brown Sugar","","belVita Snack Packs 12 Packs 6 Packs Blueberry 3 Packs Chocolate 3 Packs Cinnamon Brown Sugar","6.23","0.0","Market Basket","12 oz","12 oz","No Image.jpg","","6"
"5360","Chips, Cookies & Snacks","Cookies & Crackers","Cookies & Cakes","Tate's Bake Shop","Tate's Bake Shop Oatmeal Rasin Cookies","","Tate's Bake Shop Oatmeal Rasin Cookies","6.23","0.0","Market Basket","7 oz","7 oz","No Image.jpg","","6"
"6126","Beverages & Juices","Soft Drinks & Seltzers","Soft Drinks","Fanta","Fanta Pineapple Soda","","Fanta Pineapple Soda","1.24","0.0","Market Basket","2 L","2 L","No Image.jpg","","17"
"527","Laundry & Paper Goods","Laundry","Laundry Detergent","Arm & Hammer","Arm & Hammer detergent plus Softener Orchard Blosson","","Arm & Hammer detergent plus Softener Orchard Blosson","4.99","1.0","Market Basket","50 fl oz","50 fl oz","No Image.jpg","","15"
"5300","Chips, Cookies & Snacks","Cookies & Crackers","Crackers","Ritz","Ritz Toasted Pita Oven Baked Crackers 55% Less Fat Original","","Ritz Toasted Pita Oven Baked Crackers 55% Less Fat Original","5.31","0.0","Market Basket","8 oz","8 oz","No Image.jpg","","6"
"626","Laundry & Paper Goods","Paper Goods","Wipes","Scotties","Scotties Pocket Pack Ultra Plush","","Scotties Pocket Pack Ultra Plush","0.25","1.0","Market Basket","10 count","10 count","No Image.jpg","","14"
"8352","Condiments & Dressings","Honey, Syrup & Nectars","Syrup","Ben's Sugar Shack","Ben's Sugar Shack 100% Maple Syrup","","Ben's Sugar Shack 100% Maple Syrup","17.09","0.0","Market Basket","1 ct","1 ct","No Image.jpg","","3"
"5377","Chips, Cookies & Snacks","Cookies & Crackers","Crackers","Kinnikinnick","Kinnikinnick S'moreables Graham Style Crackers","","Kinnikinnick S'moreables Graham Style Crackers","6.23","0.0","Market Basket","8 oz","8 oz","No Image.jpg","","6"
"4341","Meat & Seafood","Meat & Seafood Counter","Salmon","Norwegian","Norwegian Salmon","","Norwegian Salmon","10.99","0.0","Market Basket","1 lb","1 lb","No Image.jpg","","22"
"5392","Chips, Cookies & Snacks","Cookies & Crackers","Crackers","Mary's Gone Crackers","Mary's Gone Crackers Original","","Mary's Gone Crackers Original","6.23","0.0","Market Basket","6.5 oz","6.5 oz","No Image.jpg","","6"
"6458","Chips, Cookies & Snacks","Jerkies","Jerky","Epic","Epic Beef Bar","","Epic Beef Bar","3.11","0.0","Market Basket","1.5 oz","1.5 oz","No Image.jpg","","6"
"4340","Meat & Seafood","Meat & Seafood Counter","Salmon","Norwegian","Norwegian Salmon","","Norwegian Salmon","9.19","0.0","Market Basket","1 lb","1 lb","No Image.jpg","","22"
"4859","Chips, Cookies & Snacks","Chips & Fruit Snacks","Chips & Pretzels","Lay's","Lay's Baked Barbeque","","Lay's Baked Barbeque","5.14","0.0","Market Basket","6.25 oz","6.25 oz","No Image.jpg","","0"
"6200","Beverages & Juices","Soft Drinks & Seltzers","Soft Drinks","7 up","7 Up Lemon Lime Mini","","7 Up Lemon Lime Mini","5.63","0.0","Market Basket","8 x 12 fl oz","8 x 12 fl oz","No Image.jpg","","17"
"115","Kitchen & Cleaning","Cleaning Products","Cleaning Brush","Butler Gum","Butler Gum Power Brush","","Butler Gum Power Brush","4.89","1.0","Market Basket","1 count","1 count","No Image.jpg","","15"
"6451","Chips, Cookies & Snacks","Jerkies","Jerky","Bridgford","Bridgford Honey Barbecue Beef Jerky","","Bridgford Honey Barbecue Beef Jerky","6.24","0.0","Market Basket","3.25 oz","3.25 oz","No Image.jpg","","6"
"577","Laundry & Paper Goods","Laundry","Laundry Detergent","Downy","Downy fresh Protect with febreze in wash ODOR Defense april fresh Laundry Detergent","","Downy fresh Protect with febreze in wash ODOR Defense april fresh Laundry Detergent","8.74","1.0","Market Basket","285 g","285 g","No Image.jpg","","15"
"471","Laundry & Paper Goods","Laundry","Laundry Detergent","Oxi Clean","OxiClean Laundry Booster Odor Blasters","","OxiClean Laundry Booster Odor Blasters","9.36","1.0","Market Basket","50 fl oz","50 fl oz","No Image.jpg","","15"
"143","Kitchen & Cleaning","Cleaning Products","Other Cleaning Products","Butler Gum","Butler Gum Scrubber Dishwand","","Butler Gum Scrubber Dishwand","3.69","1.0","Market Basket","1 count","1 count","No Image.jpg","","15"
"575","Laundry & Paper Goods","Laundry","Laundry Detergent","Downy","Downy Odor Protect april fresh in wash scent booster Laundry Detergent","","Downy Odor Protect april fresh in wash scent booster Laundry Detergent","8.74","1.0","Market Basket","285 g","285 g","No Image.jpg","","15"
"15119","Personal Care","Personal Needs","Facial Care","Olivella","Olivella Facial Cleansing Tissues","","Olivella Facial Cleansing Tissues","10.57","1.0","Market Basket","30 count","30 count","No Image.jpg","","13"
"5336","Chips, Cookies & Snacks","Cookies & Crackers","Cookies & Cakes","belVita","belVita Bites Chocolate","","belVita Bites Chocolate","4.69","0.0","Market Basket","8.8 oz","8.8 oz","No Image.jpg","","6"
"6097","Beverages & Juices","Soft Drinks & Seltzers","Soft Drinks","Coca-Cola","Coca Cola Original Taste Box of Cans","","Coca Cola Original Taste Box of Cans","9.99","0.0","Market Basket","24 x 12 fl oz","24 x 12 fl oz","No Image.jpg","","17"
"5945","Beverages & Juices","Cocoa & Drink Mixes","Cocoa & Drink Mixes","Finest Call","Finest Call Premium Strawberry Puree Mix","","Finest Call Premium Strawberry Puree Mix","4.99","0.0","Market Basket","33.8 fl oz","33.8 fl oz","No Image.jpg","","17"
"140","Kitchen & Cleaning","Cleaning Products","Other Cleaning Products","Butler Gum","Butler Gum Copper Mesh Scourers","","Butler Gum Copper Mesh Scourers","2.79","1.0","Market Basket","2 count","2 count","No Image.jpg","","15"
"6100","Beverages & Juices","Soft Drinks & Seltzers","Soft Drinks","Coca-Cola","Coca Cola Zero Sugar Diet Coke Box of Cans","","Coca Cola Zero Sugar Diet Coke Box of Cans","6.86","0.0","Market Basket","12 x 12 fl oz","12 x 12 fl oz","No Image.jpg","","17"
"377","Kitchen & Cleaning","Food Storage & Kitchen Supplies","Utensils & Kitchen Supplies","J Hook","J Hook Cheesecloth 100% Cotton","","J Hook Cheesecloth 100% Cotton","4.69","1.0","Market Basket","1 count","1 count","No Image.jpg","","12"
"5897","Beverages & Juices","Tea, Coffee, Milk & Coconut Water","Single To-Go Coffee","StarBucks","Starbucks Tripleshot Energy Caramel","","Starbucks Tripleshot Energy Caramel","3.36","0.0","Market Basket","15 fl oz","15 fl oz","No Image.jpg","","17"
"6522","Chips, Cookies & Snacks","Nuts, Seeds & Dried Fruit","Nuts, Seeds & Dried Fruit","Sunmaid","Sunmaid California Sun-dried Raisins","","Sunmaid California Sun-dried Raisins","3.24","0.0","Market Basket","10 oz","10 oz","No Image.jpg","","6"
"6474","Chips, Cookies & Snacks","Nuts, Seeds & Dried Fruit","Nuts, Seeds & Dried Fruit","Superior Nut Company","Superior Nut Company Natural Almonds","","Superior Nut Company Natural Almonds","7.49","0.0","Market Basket","15 oz","15 oz","No Image.jpg","","6"
"6168","Beverages & Juices","Soft Drinks & Seltzers","Soft Drinks","Pepsi","Pepsi Diet","","Pepsi Diet","5.0","0.0","Market Basket","6 x 16.9 fl oz","6 x 16.9 fl oz","No Image.jpg","","17"
"503","Laundry & Paper Goods","Laundry","Laundry Detergent","Tide","Tide Plus Bleach Original 59 Loads Laundry Detergent","","Tide Plus Bleach Original 59 Loads Laundry Detergent","14.99","1.0","Market Basket","92 fl oz","92 fl oz","No Image.jpg","","15"
"6480","Chips, Cookies & Snacks","Nuts, Seeds & Dried Fruit","Nuts, Seeds & Dried Fruit","River Queen","River Queen Spanish Peanuts","","River Queen Spanish Peanuts","2.5","0.0","Market Basket","13 oz","13 oz","No Image.jpg","","6"
"6323","Beverages & Juices","Soft Drinks & Seltzers","Seltzer","Polar","Polar Seltzer Pixie Lights","","Polar Seltzer Pixie Lights","3.74","0.0","Market Basket","6 x 8 fl oz","6 x 8 fl oz","No Image.jpg","","11"
"5339","Chips, Cookies & Snacks","Cookies & Crackers","Cookies & Cakes","belVita","belVita Sandwich Peanut Butter","","belVita Sandwich Peanut Butter","4.69","0.0","Market Basket","8.8 oz","8.8 oz","No Image.jpg","","6"
"4554","Meat & Seafood","Lunch Meat","Other Meat","San Daniele","San Daniele Capocollo","","San Daniele Capocollo","3.69","0.0","Market Basket","3 oz","3 oz","No Image.jpg","","22"
"581","Laundry & Paper Goods","Laundry","Scent Booster","Downy","Downy Unstoppables inwash scent booster Fresh Frais","","Downy Unstoppables inwash scent booster Fresh Frais","8.74","1.0","Market Basket","285 g","285 g","No Image.jpg","","15"
"4988","Chips, Cookies & Snacks","Chips & Fruit Snacks","Chips & Pretzels","Utz","Utz Kettle Classic Salt & Malt Vinegar Potato Chips","","Utz Kettle Classic Salt & Malt Vinegar Potato Chips","4.69","0.0","Market Basket","8 oz","8 oz","No Image.jpg","","0"
"5288","Chips, Cookies & Snacks","Chips & Fruit Snacks","Chips & Pretzels","Pringles","Pringles Wavy Fire Roasted Jalepeno","","Pringles Wavy Fire Roasted Jalepeno","2.08","0.0","Market Basket","4.5 oz","4.5 oz","No Image.jpg","","0"
"5244","Chips, Cookies & Snacks","Chips & Fruit Snacks","Chips & Pretzels","LATE JULY","LATE JULY Sea Salt Multigrain Tortilla Chips Organic","","LATE JULY Sea Salt Multigrain Tortilla Chips Organic","4.67","0.0","Market Basket","6 oz","6 oz","No Image.jpg","","0"
"4545","Meat & Seafood","Lunch Meat","Other Meat","Fratelli Beretta","Fratelli Beretta Sweet Sopressata","","Fratelli Beretta Sweet Sopressata","5.5","0.0","Market Basket","Approx: 0.50 lb at $10.9/lb","Approx: 0.50 lb at $10.9/lb","No Image.jpg","","22"
"5342","Chips, Cookies & Snacks","Cookies & Crackers","Cookies & Cakes","belVita","belVita Honey Chocolate Chip","","belVita Honey Chocolate Chip","4.69","0.0","Market Basket","8.8 oz","8.8 oz","No Image.jpg","","6"
"4919","Chips, Cookies & Snacks","Chips & Fruit Snacks","Chips & Pretzels","Ruffles","Ruffles Baked Original","","Ruffles Baked Original","5.14","0.0","Market Basket","6.25 oz","6.25 oz","No Image.jpg","","0"
"528","Laundry & Paper Goods","Laundry","Laundry Detergent","Arm & Hammer","Arm & Hammer plus OXI CLEAN 5 in 1 power packs Laundry Detergent","","Arm & Hammer plus OXI CLEAN 5 in 1 power packs Laundry Detergent","9.99","1.0","Market Basket","40 packs","40 packs","No Image.jpg","","15"
"588","Laundry & Paper Goods","Laundry","Scent Booster","Snuggle","Snuggle Scent Shakes Scent Booster Spring Burst","","Snuggle Scent Shakes Scent Booster Spring Burst","5.61","1.0","Market Basket","255 g","255 g","No Image.jpg","","15"
"6553","Chips, Cookies & Snacks","Nuts, Seeds & Dried Fruit","Nuts, Seeds & Dried Fruit","Ocean Spray","Ocean Spray Craisins Dried Cranberries Infused With Pomegranate Juice","","Ocean Spray Craisins Dried Cranberries Infused With Pomegranate Juice","2.49","0.0","Market Basket","6 oz","6 oz","No Image.jpg","","6"
"6545","Chips, Cookies & Snacks","Nuts, Seeds & Dried Fruit","Nuts, Seeds & Dried Fruit","StoneRidge Orchards","StoneRidge Mixed Berries","","StoneRidge Mixed Berries","3.13","0.0","Market Basket","4 oz","4 oz","No Image.jpg","","6"
"4053","Meat & Seafood","Meat & Seafood Counter","Beef","Excel","Excel Beef Feet","","Excel Beef Feet","3.19","0.0","Market Basket","Approx: 1.00 lb at $3.19/lb","Approx: 1.00 lb at $3.19/lb","No Image.jpg","","22"
"6208","Beverages & Juices","Soft Drinks & Seltzers","Soft Drinks","Sprite","Sprite Lemon Lime Soda No Caffeine Box of Cans","","Sprite Lemon Lime Soda No Caffeine Box of Cans","9.99","0.0","Market Basket","24 x 12 fl oz","24 x 12 fl oz","No Image.jpg","","17"
"5117","Chips, Cookies & Snacks","Cookies & Crackers","Cookies & Cakes","Pepperidge Farm","Pepperidge Farm Pumpkin Cheesecake Soft Baked","","Pepperidge Farm Pumpkin Cheesecake Soft Baked","4.69","0.0","Market Basket","8.6 oz","8.6 oz","No Image.jpg","","6"
"488","Laundry & Paper Goods","Laundry","Laundry Detergent","Purex","Purex 4 in 1 Pacs Mountain Breeze 45 pack Laundry Detergent","","Purex 4 in 1 Pacs Mountain Breeze 45 pack Laundry Detergent","9.99","1.0","Market Basket","45 pack","45 pack","No Image.jpg","","15"
"5179","Chips, Cookies & Snacks","Cookies & Crackers","Crackers","Good Thins","Good Thins Parmesan and Garlic Rice Snacks Gluten Free","","Good Thins Parmesan and Garlic Rice Snacks Gluten Free","5.47","0.0","Market Basket","3.5 oz","3.5 oz","No Image.jpg","","6"
"5403","Chips, Cookies & Snacks","Cookies & Crackers","Crackers","Back to Nature","Back to Nature Classic Round Crackers","","Back to Nature Classic Round Crackers","6.23","0.0","Market Basket","8.5 oz","8.5 oz","No Image.jpg","","6"
"593","Laundry & Paper Goods","Laundry","Laundry Whitener","Out","Out white brite Laundry whitener","","Out white brite Laundry whitener","7.86","1.0","Market Basket","1 lb","1 lb","No Image.jpg","","15"
"5908","Beverages & Juices","Tea, Coffee, Milk & Coconut Water","Single To-Go Coffee","StarBucks","Starbucks Frappuccino Mocha","","Starbucks Frappuccino Mocha","3.36","0.0","Market Basket","13.7 fl oz","13.7 fl oz","No Image.jpg","","17"
"5413","Breakfast & Dairy","Bars & Pastries","Breakfast Bars","Nature's Bakery","Nature's Bakery Fig Bar Raspberry","","Nature's Bakery Fig Bar Raspberry","9.36","0.0","Market Basket","12 packs","12 packs","No Image.jpg","","6"
"4916","Chips, Cookies & Snacks","Chips & Fruit Snacks","Chips & Pretzels","Ruffles","Ruffles Zesty Cheddar","","Ruffles Zesty Cheddar","6.23","0.0","Market Basket","7.75 oz","7.75 oz","No Image.jpg","","0"
"6460","Chips, Cookies & Snacks","Jerkies","Jerky","Vermont","Vermont Original Beef & Pork Sticks","","Vermont Original Beef & Pork Sticks","6.24","0.0","Market Basket","3 oz","3 oz","No Image.jpg","","6"
"5294","Chips, Cookies & Snacks","Chips & Fruit Snacks","Chips & Pretzels","Ritz","Ritz Crisp & Thins 50% Less Fat Cream Cheese & Onion","","Ritz Crisp & Thins 50% Less Fat Cream Cheese & Onion","3.91","0.0","Market Basket","7.1 oz","7.1 oz","No Image.jpg","","0"
"7677","Cooking Needs","Canned Food","Canned Fruit & Applesauce","Scotch","Scotch Bonnet Peppers","","Scotch Bonnet Peppers","2.15","0.0","Market Basket","0.38 lb","0.38 lb","No Image.jpg","","3"
"4753","Meat & Seafood","Frozen Meat & Seafood","Chicken Products","Weight Watchers","Weight Watchers Boneless Skinless Uncooked Chicken Tenders","","Weight Watchers Boneless Skinless Uncooked Chicken Tenders","8.59","0.0","Market Basket","30 oz","30 oz","No Image.jpg","","18"
"6164","Beverages & Juices","Soft Drinks & Seltzers","Soft Drinks","Pepsi","Pepsi Caffeine Free","","Pepsi Caffeine Free","2.5","0.0","Market Basket","2 L","2 L","No Image.jpg","","17"
"7084","Cooking Needs","Oils & Vinegars","Oils & Vinegars","Olympiana","Olympiana Early Harvest Extra Virgin Olive Oil","","Olympiana Early Harvest Extra Virgin Olive Oil","7.39","0.0","Market Basket","16.9 fl oz","16.9 fl oz","No Image.jpg","","2"
"5393","Chips, Cookies & Snacks","Cookies & Crackers","Crackers","Mary's Gone Crackers","Mary's Gone Crackers Herb Crackers","","Mary's Gone Crackers Herb Crackers","6.23","0.0","Market Basket","6.5 oz","6.5 oz","No Image.jpg","","6"
"5370","Chips, Cookies & Snacks","Cookies & Crackers","Cookies & Cakes","Enjoy Life","Enjoy Life Soft Baked Cookies Double Chocolate Brownie","","Enjoy Life Soft Baked Cookies Double Chocolate Brownie","6.23","0.0","Market Basket","6 oz","6 oz","No Image.jpg","","6"
"5397","Chips, Cookies & Snacks","Cookies & Crackers","Crackers","Back to Nature","Back to Nature Honey Graham Sticks","","Back to Nature Honey Graham Sticks","5.47","0.0","Market Basket","8 oz","8 oz","No Image.jpg","","6"
"5009","Chips, Cookies & Snacks","Chips & Fruit Snacks","Chips & Pretzels","Utz","Utz Braided Honey Wheat Twists Pretzels","","Utz Braided Honey Wheat Twists Pretzels","4.69","0.0","Market Basket","14 oz","14 oz","No Image.jpg","","0"
"4446","Meat & Seafood","Hot Dogs, Bacon & Sausage","Hot Dogs","Pearl Country","Pearl Country Club Beef Frankfurters","","Pearl Country Club Beef Frankfurters","4.59","0.0","Market Basket","6 x 12 oz","6 x 12 oz","No Image.jpg","","1"
"6459","Chips, Cookies & Snacks","Jerkies","Jerky","Vermont","Vermont Uncured Pepperoni Turkey Sticks","","Vermont Uncured Pepperoni Turkey Sticks","6.24","0.0","Market Basket","3 oz","3 oz","No Image.jpg","","6"
"6355","Beverages & Juices","Ginger Ale & Ginger Beer","Ginger Ale","Polar","Polar Zero Sugar Ginger Ale Soda","","Polar Zero Sugar Ginger Ale Soda","1.49","0.0","Market Basket","1 L","1 L","No Image.jpg","","11"
"609","Laundry & Paper Goods","Paper Goods","Paper Napkins","Medline","ReadyFlush Select Dispensable CleansingClothes","","ReadyFlush Select Dispensable CleansingClothes","3.74","1.0","Market Basket","48 count","48 count","No Image.jpg","","14"
"6457","Chips, Cookies & Snacks","Jerkies","Jerky","Lorissa's Kitchen","Lorissa's Kitchen Korean Barbecue Tender Beef Steak Strips","","Lorissa's Kitchen Korean Barbecue Tender Beef Steak Strips","7.49","0.0","Market Basket","2.25 oz","2.25 oz","No Image.jpg","","6"
"4830","Chips, Cookies & Snacks","Chips & Fruit Snacks","Chips & Pretzels","Cape Cod","Cape Cod Party Size Waffle Cut Sea Salt","","Cape Cod Party Size Waffle Cut Sea Salt","6.23","0.0","Market Basket","14 oz","14 oz","No Image.jpg","","0"
"7214","Cooking Needs","Spices & Seasonings","Spices & Seasonings","Garden Pure Fresh","Garden Pure Fresh Cut Pineapple","","Garden Pure Fresh Cut Pineapple","3.49","0.0","Market Basket","10 oz","10 oz","No Image.jpg","","9"
"534","Laundry & Paper Goods","Laundry","Laundry Detergent","all","all stainlifters free clear 4 in 1 mighty pacs Laundry Detergent","","all stainlifters free clear 4 in 1 mighty pacs Laundry Detergent","10.61","1.0","Market Basket","39 pacs","39 pacs","No Image.jpg","","15"
"6160","Beverages & Juices","Soft Drinks & Seltzers","Soft Drinks","Pepsi","Pepsi Original Box of Cans","","Pepsi Original Box of Cans","9.99","0.0","Market Basket","24 x 12 fl oz","24 x 12 fl oz","No Image.jpg","","17"
"5422","Chips, Cookies & Snacks","Cookies & Crackers","Cookies & Cakes","Keebler","Keebler Fudge Stripes Mini Original","","Keebler Fudge Stripes Mini Original","1.56","0.0","Market Basket","3 oz","3 oz","No Image.jpg","","6"
"6041","Beverages & Juices","Juices & Refrigerated Drinks","Juice & Nectars","Rose's","Rose's Sweetened Lime Juice","","Rose's Sweetened Lime Juice","4.99","0.0","Market Basket","25 fl oz","25 fl oz","No Image.jpg","","17"
"5060","Chips, Cookies & Snacks","Cookies & Crackers","Cookies & Cakes","Keebler","Keebler Whoopsy Fudge Stripes Fullt Fudged","","Keebler Whoopsy Fudge Stripes Fullt Fudged","3.91","0.0","Market Basket","11.5 oz","11.5 oz","No Image.jpg","","6"
"6524","Chips, Cookies & Snacks","Nuts, Seeds & Dried Fruit","Nuts, Seeds & Dried Fruit","Sunmaid","Sunmaid Chopped Dates","","Sunmaid Chopped Dates","3.36","0.0","Market Basket","8 oz","8 oz","No Image.jpg","","6"
"6505","Chips, Cookies & Snacks","Nuts, Seeds & Dried Fruit","Nuts, Seeds & Dried Fruit","Blue Diamond","Blue Diamond Whole Natural Almonds","","Blue Diamond Whole Natural Almonds","9.99","0.0","Market Basket","16 oz","16 oz","No Image.jpg","","6"
"6002","Beverages & Juices","Energy & Sports Drinks","Energy & Sports Drinks","Monster","Monster Energy Zero Ultra 10 Pack","","Monster Energy Zero Ultra 10 Pack","19.36","0.0","Market Basket","10 x 16 fl oz","10 x 16 fl oz","No Image.jpg","","17"
"6349","Beverages & Juices","Soft Drinks & Seltzers","Soft Drinks","Polar","Polar Cream Soda","","Polar Cream Soda","1.49","0.0","Market Basket","1 L","1 L","No Image.jpg","","17"
"5133","Chips, Cookies & Snacks","Cookies & Crackers","Cookies & Cakes","Pepperidge Farm","Pepperidge Farm Irish Cream Cookies","","Pepperidge Farm Irish Cream Cookies","4.69","0.0","Market Basket","7 oz","7 oz","No Image.jpg","","6"
"4835","Chips, Cookies & Snacks","Chips & Fruit Snacks","Chips & Pretzels","Chex Mix","Chex Mix Honey Nut Snack Mix","","Chex Mix Honey Nut Snack Mix","3.13","0.0","Market Basket","8.5 oz","8.5 oz","No Image.jpg","","0"
"6313","Beverages & Juices","Water","Sparkling Water","Poland Spring","Poland Spring Sparkling Water, Black Cherry","","Poland Spring Sparkling Water, Black Cherry","3.74","0.0","Market Basket","8 x 12 fl oz","8 x 12 fl oz","No Image.jpg","","11"
"509","Laundry & Paper Goods","Laundry","Laundry Detergent","Tide","Tide Pods 3 in 1 Original Laundry Detergent","","Tide Pods 3 in 1 Original Laundry Detergent","8.11","1.0","Market Basket","460 g","460 g","No Image.jpg","","15"
"550","Laundry & Paper Goods","Laundry","Laundry Detergent","Gain","Gain Fireworks in wash scent island fresh Laundry Detergent","","Gain Fireworks in wash scent island fresh Laundry Detergent","8.74","1.0","Market Basket","285 g","285 g","No Image.jpg","","15"
"6073","Beverages & Juices","Ginger Ale & Ginger Beer","Ginger Ale","Canada Dry","Canada Dry Diet Ginger Ale","","Canada Dry Diet Ginger Ale","5.0","0.0","Market Basket","6 x 16.9 fl oz","6 x 16.9 fl oz","No Image.jpg","","17"
"6146","Beverages & Juices","Soft Drinks & Seltzers","Soft Drinks","Mountain Dew","Mountain Dew Can","","Mountain Dew Can","4.38","0.0","Market Basket","6 x 7.5 fl oz","6 x 7.5 fl oz","No Image.jpg","","17"
"6317","Beverages & Juices","Water","Sparkling Water","Poland Spring","Poland Spring Sparkling Water, Pomegranate Lemonade","","Poland Spring Sparkling Water, Pomegranate Lemonade","3.74","0.0","Market Basket","8 x 12 fl oz","8 x 12 fl oz","No Image.jpg","","11"
"6475","Chips, Cookies & Snacks","Nuts, Seeds & Dried Fruit","Nuts, Seeds & Dried Fruit","Superior Nut Company","Superior Nut Company Roasted Almonds","","Superior Nut Company Roasted Almonds","7.49","0.0","Market Basket","15 oz","15 oz","No Image.jpg","","6"
"7887","Cooking Needs","Canned Food","Canned Meat & Seafood","StarKist","Chunk light tuna","","Chunk light tuna","1.59","0.0","Market Basket","5 oz","5 oz","No Image.jpg","","2"
"5091","Chips, Cookies & Snacks","Cookies & Crackers","Cookies & Cakes","Nabisco","Nabisco Nutter Butter 18 Packs 2 Cookies Per Pack","","Nabisco Nutter Butter 18 Packs 2 Cookies Per Pack","6.23","0.0","Market Basket","15.75 oz","15.75 oz","No Image.jpg","","6"
"6395","Beverages & Juices","Soft Drinks & Seltzers","Seltzer","Polar","Polar Seltzer Pink Raspberry Lemonade","","Polar Seltzer Pink Raspberry Lemonade","4.18","0.0","Market Basket","8 x 12 fl oz","8 x 12 fl oz","No Image.jpg","","11"
"5964","Beverages & Juices","Cocoa & Drink Mixes","Cocoa & Drink Mixes","Lipton","Lipton Decaffeinated Iced Tea Unsweetened","","Lipton Decaffeinated Iced Tea Unsweetened","4.61","0.0","Market Basket","3 oz","3 oz","No Image.jpg","","17"
"5390","Chips, Cookies & Snacks","Cookies & Crackers","Crackers","Kame","Kame Rice Crackers Wasabi","","Kame Rice Crackers Wasabi","4.67","0.0","Market Basket","3.5 oz","3.5 oz","No Image.jpg","","6"
"462","Laundry & Paper Goods","Laundry","Laundry Detergent","Sun","Sun Triple Clean fresh morning breeze 134 medium loads laundry detergent","","Sun Triple Clean fresh morning breeze 134 medium loads laundry detergent","7.49","1.0","Market Basket","188 fl oz","188 fl oz","No Image.jpg","","15"
"6485","Chips, Cookies & Snacks","Nuts, Seeds & Dried Fruit","Nuts, Seeds & Dried Fruit","Teddie Premium Selection","Teddie Premium Selection Extra Large Virginia Peanuts","","Teddie Premium Selection Extra Large Virginia Peanuts","3.13","0.0","Market Basket","9 oz","9 oz","No Image.jpg","","6"
"6210","Beverages & Juices","Soft Drinks & Seltzers","Soft Drinks","Sprite","Sprite Lemon Lime Soda No Caffeine Box of Cans","","Sprite Lemon Lime Soda No Caffeine Box of Cans","6.86","0.0","Market Basket","12 x 12 fl oz","12 x 12 fl oz","No Image.jpg","","17"
"5880","Beverages & Juices","Cocoa & Drink Mixes","Cocoa & Drink Mixes","4C","4C Ice Tea Mix Decaffeinated","","4C Ice Tea Mix Decaffeinated","6.24","0.0","Market Basket","47.2 oz","47.2 oz","No Image.jpg","","17"
"6277","Beverages & Juices","Water","Water","Glaceau","Glaceau Smart Water Alkaline","","Glaceau Smart Water Alkaline","1.24","0.0","Market Basket","33.8 fl oz","33.8 fl oz","No Image.jpg","","11"
"5948","Beverages & Juices","Cocoa & Drink Mixes","Cocoa & Drink Mixes","Finest Call","Finest Call Premium Sweet & Sour Mix","","Finest Call Premium Sweet & Sour Mix","4.99","0.0","Market Basket","33.8 fl oz","33.8 fl oz","No Image.jpg","","17"
"5876","Beverages & Juices","Cocoa & Drink Mixes","Cocoa & Drink Mixes","4C","4C Light Green Tea with Honey","","4C Light Green Tea with Honey","4.99","0.0","Market Basket","13.9 oz","13.9 oz","No Image.jpg","","17"
"5174","Chips, Cookies & Snacks","Cookies & Crackers","Crackers","Dare","Dare Breton Original WIth Flax Gluten Free","","Dare Breton Original WIth Flax Gluten Free","3.13","0.0","Market Basket","4.76 oz","4.76 oz","No Image.jpg","","6"
"7372","Cooking Needs","Spices & Seasonings","Spices & Seasonings","Olde Thompson","Olde Thompson Adjustable Grinder Black Peppercorn","","Olde Thompson Adjustable Grinder Black Peppercorn","7.39","0.0","Market Basket","5.4 oz","5.4 oz","No Image.jpg","","9"
"5304","Chips, Cookies & Snacks","Cookies & Crackers","Crackers","Nonni's","Nonni's Limone Biscotti","","Nonni's Limone Biscotti","4.36","0.0","Market Basket","6.88 oz","6.88 oz","No Image.jpg","","6"
"6056","Beverages & Juices","Cocoa & Drink Mixes","Cocoa & Drink Mixes","Crystal Light","Crystal Light Peach Mango Green Tea","","Crystal Light Peach Mango Green Tea","3.75","0.0","Market Basket","1.85 oz","1.85 oz","No Image.jpg","","17"
"618","Laundry & Paper Goods","Paper Goods","Wipes","Puffs","Puffs Plus Lotion Soothes Sore Sniffers","","Puffs Plus Lotion Soothes Sore Sniffers","2.74","1.0","Market Basket","124 count","124 count","No Image.jpg","","14"
"6272","Beverages & Juices","Water","Water","Glaceau","Glaceau Smart Water","","Glaceau Smart Water","7.49","0.0","Market Basket","6 x 500 ml","6 x 500 ml","No Image.jpg","","11"
"6055","Beverages & Juices","Ice Pops","Ice Pops","Flavorice","Flavorice 6 Fruity Flavors","","Flavorice 6 Fruity Flavors","1.49","0.0","Market Basket","16 x 1.5 oz","16 x 1.5 oz","No Image.jpg","","17"
"483","Laundry & Paper Goods","Laundry","Laundry Detergent","Purex Liquid Detergents","Purex Natural Elements Linen & Lilies 57 Loads Laundry Detergent","","Purex Natural Elements Linen & Lilies 57 Loads Laundry Detergent","3.74","1.0","Market Basket","75 fl oz","75 fl oz","No Image.jpg","","15"
"5338","Chips, Cookies & Snacks","Cookies & Crackers","Cookies & Cakes","belVita","belVita Sandwich Cinnamon Brown Sugar With Vanilla Creme","","belVita Sandwich Cinnamon Brown Sugar With Vanilla Creme","4.69","0.0","Market Basket","8.8 oz","8.8 oz","No Image.jpg","","6"
"6462","Chips, Cookies & Snacks","Nuts, Seeds & Dried Fruit","Nuts, Seeds & Dried Fruit","Planters","Planters Dry Roasted Peanuts","","Planters Dry Roasted Peanuts","3.74","0.0","Market Basket","16 oz","16 oz","No Image.jpg","","6"
"6260","Beverages & Juices","Water","Water","Essentia","Essentia Water Purified Water","","Essentia Water Purified Water","24.99","0.0","Market Basket","12 x 1.5 L","12 x 1.5 L","No Image.jpg","","11"
"6338","Beverages & Juices","Soft Drinks & Seltzers","Seltzer","Polar","Polar Cranberry Seltzer","","Polar Cranberry Seltzer","1.24","0.0","Market Basket","2 L","2 L","No Image.jpg","","11"
"5013","Chips, Cookies & Snacks","Chips & Fruit Snacks","Chips & Pretzels","Utz","Utz Cheddar Cheese Curls","","Utz Cheddar Cheese Curls","4.69","0.0","Market Basket","8.5 oz","8.5 oz","No Image.jpg","","0"
"8369","Condiments & Dressings","Honey, Syrup & Nectars","Nectar","Honeytree's","Honeytree's Light Agave Nectar","","Honeytree's Light Agave Nectar","6.09","0.0","Market Basket","23.5 oz","23.5 oz","No Image.jpg","","3"
"5406","Chips, Cookies & Snacks","Cookies & Crackers","Crackers","Back to Nature","Back to Nature Organic Stoneground Wheat Cracker","","Back to Nature Organic Stoneground Wheat Cracker","6.23","0.0","Market Basket","6 oz","6 oz","No Image.jpg","","6"
"517","Laundry & Paper Goods","Laundry","Laundry Detergent","Dynamo","Dynamo Purple Wildflowers 60 Loads Laundry Detergent","","Dynamo Purple Wildflowers 60 Loads Laundry Detergent","4.36","1.0","Market Basket","60 fl oz","60 fl oz","No Image.jpg","","15"
"7459","Cooking Needs","Canned Food","Canned & Jarred Vegetables","Goya","Goya Whole Tomatillos","","Goya Whole Tomatillos","2.69","0.0","Market Basket","26 oz","26 oz","No Image.jpg","","9"
"6518","Chips, Cookies & Snacks","Nuts, Seeds & Dried Fruit","Nuts, Seeds & Dried Fruit","Second Nature","Second Nature Simplicity Medley","","Second Nature Simplicity Medley","6.24","0.0","Market Basket","14 oz","14 oz","No Image.jpg","","6"
"5190","Chips, Cookies & Snacks","Chips & Fruit Snacks","Chips & Pretzels","LATE JULY","LATE JULY Organic Sea Salt & Vinegar Potato Chips","","LATE JULY Organic Sea Salt & Vinegar Potato Chips","4.69","0.0","Market Basket","5 oz","5 oz","No Image.jpg","","0"
"14845","Personal Care","Body Wash, Soap & Hair Care","Soap","Dr. Natural","Dr. Natural Pure Castile Multi-purpose Liquid Soap, Peppermint","","Dr. Natural Pure Castile Multi-purpose Liquid Soap, Peppermint","9.88","1.0","Market Basket","32 fl oz","32 fl oz","No Image.jpg","","13"
"5940","Beverages & Juices","Cocoa & Drink Mixes","Cocoa & Drink Mixes","Powell & Mahoney","Powell & Mahoney Classic Bloody Mary","","Powell & Mahoney Classic Bloody Mary","8.74","0.0","Market Basket","750 ml","750 ml","No Image.jpg","","17"
"6237","Beverages & Juices","Water","Water","Core","Core Hydration Purified Water","","Core Hydration Purified Water","6.24","0.0","Market Basket","6 x 16.9 fl oz","6 x 16.9 fl oz","No Image.jpg","","11"
"6494","Chips, Cookies & Snacks","Nuts, Seeds & Dried Fruit","Nuts, Seeds & Dried Fruit","Bob's Red Mill","Bob's Red Mill Organic Premium Shelled Pepitas Pumpkin Seeds","","Bob's Red Mill Organic Premium Shelled Pepitas Pumpkin Seeds","7.49","0.0","Market Basket","12 oz","12 oz","No Image.jpg","","6"
"5355","Chips, Cookies & Snacks","Cookies & Crackers","Crackers","Austin","Austin Pepper Jack Sandwich Crackers","","Austin Pepper Jack Sandwich Crackers","2.34","0.0","Market Basket","11 oz","11 oz","No Image.jpg","","6"
"5978","Beverages & Juices","Cocoa & Drink Mixes","Cocoa & Drink Mixes","Master of Mixes","Master of Mixes Grenadine Syrup","","Master of Mixes Grenadine Syrup","3.74","0.0","Market Basket","375 ml","375 ml","No Image.jpg","","17"
"6235","Beverages & Juices","Water","Sparkling Water","Bubly","Bubly Sparkling Water Raspberry","","Bubly Sparkling Water Raspberry","4.18","0.0","Market Basket","8 x 12 fl oz","8 x 12 fl oz","No Image.jpg","","11"
"6495","Chips, Cookies & Snacks","Nuts, Seeds & Dried Fruit","Nuts, Seeds & Dried Fruit","David","David Original Salted & Roasted Sunflower Seeds","","David Original Salted & Roasted Sunflower Seeds","4.99","0.0","Market Basket","14.5 oz","14.5 oz","No Image.jpg","","6"
"6525","Chips, Cookies & Snacks","Nuts, Seeds & Dried Fruit","Nuts, Seeds & Dried Fruit","Sunmaid","Sunmaid Pitted Dates","","Sunmaid Pitted Dates","3.36","0.0","Market Basket","8 oz","8 oz","No Image.jpg","","6"
"5296","Chips, Cookies & Snacks","Cookies & Crackers","Crackers","Ritz","Ritz Crisp & Thins 50% Less Fat Original With Creamy Onion & Sea Salt","","Ritz Crisp & Thins 50% Less Fat Original With Creamy Onion & Sea Salt","3.91","0.0","Market Basket","7.1 oz","7.1 oz","No Image.jpg","","6"
"603","Laundry & Paper Goods","Paper Goods","Bathroom Tissues / Toilet Paper","Quilted Northern","Quilted Northern Bathroom Tissue Paper, Ultra Soft & Strong Mega Rolls","","Quilted Northern Bathroom Tissue Paper, Ultra Soft & Strong Mega Rolls","9.99","1.0","Market Basket","6 count","6 count","No Image.jpg","","14"
"5093","Chips, Cookies & Snacks","Cookies & Crackers","Cookies & Cakes","Nabisco","Nabisco Nutter Butter Crispy Wafers With Peanut Butter Creme","","Nabisco Nutter Butter Crispy Wafers With Peanut Butter Creme","5.61","0.0","Market Basket","10.5 oz","10.5 oz","No Image.jpg","","6"
"6366","Beverages & Juices","Soft Drinks & Seltzers","Seltzer","Polar","Polar Seltzer Lemon","","Polar Seltzer Lemon","3.74","0.0","Market Basket","6 x 16.9 fl oz","6 x 16.9 fl oz","No Image.jpg","","11"
"6070","Beverages & Juices","Soft Drinks & Seltzers","Soft Drinks","Canada Dry","Canada Dry DietGinger Ale","","Canada Dry DietGinger Ale","5.63","0.0","Market Basket","8 x 12 fl oz","8 x 12 fl oz","No Image.jpg","","17"
"5089","Chips, Cookies & Snacks","Cookies & Crackers","Cookies & Cakes","Mi-Del","Mi Del Lemon Snaps","","Mi Del Lemon Snaps","5.47","0.0","Market Basket","10 oz","10 oz","No Image.jpg","","6"
"617","Laundry & Paper Goods","Paper Goods","Wipes","Puffs","Puffs Ultra Soft Comforts Needy Noses","","Puffs Ultra Soft Comforts Needy Noses","2.74","1.0","Market Basket","124 count","124 count","No Image.jpg","","14"
"5905","Beverages & Juices","Tea, Coffee, Milk & Coconut Water","Single To-Go Coffee","StarBucks","Starbucks Frappuccino Toasted White Chocolate","","Starbucks Frappuccino Toasted White Chocolate","3.36","0.0","Market Basket","13.7 fl oz","13.7 fl oz","No Image.jpg","","17"
"5203","Chips, Cookies & Snacks","Cookies & Crackers","Crackers","Milton's","Milton's Organic Crackers Himalayan Salt","","Milton's Organic Crackers Himalayan Salt","3.91","0.0","Market Basket","6 oz","6 oz","No Image.jpg","","6"
"5266","Chips, Cookies & Snacks","Chips & Fruit Snacks","Chips & Pretzels","Good Health","Good Health Veggie Stix Sea Salt","","Good Health Veggie Stix Sea Salt","7.8","0.0","Market Basket","18 oz","18 oz","No Image.jpg","","0"
"5902","Beverages & Juices","Tea, Coffee, Milk & Coconut Water","Single To-Go Coffee","StarBucks","Starbucks Frappuccino Salted Dark Chocolate","","Starbucks Frappuccino Salted Dark Chocolate","3.36","0.0","Market Basket","13.7 fl oz","13.7 fl oz","No Image.jpg","","17"
"6003","Beverages & Juices","Energy & Sports Drinks","Energy & Sports Drinks","Monster","Monster Energy Ultra Paradise","","Monster Energy Ultra Paradise","19.36","0.0","Market Basket","10 x 16 fl oz","10 x 16 fl oz","No Image.jpg","","17"
"5617","Chips, Cookies & Snacks","Chips & Fruit Snacks","Fruit & Vegetable Snacks","Calavo","Calavo Single Serve Guacamole","","Calavo Single Serve Guacamole","4.89","0.0","Market Basket","6 ct","6 ct","No Image.jpg","","20"
"5926","Beverages & Juices","Tea, Coffee, Milk & Coconut Water","Single To-Go Coffee","KITU","KITU Super Coffee Hazelnut","","KITU Super Coffee Hazelnut","3.13","0.0","Market Basket","12 fl oz","12 fl oz","No Image.jpg","","17"
"6239","Beverages & Juices","Water","Tonic Water","Fever-Tree","Fever-Tree Elderflower Tonic Water","","Fever-Tree Elderflower Tonic Water","7.49","0.0","Market Basket","6.8 fl oz","6.8 fl oz","No Image.jpg","","11"
"6106","Beverages & Juices","Soft Drinks & Seltzers","Soft Drinks","Country Time","Country Time Half Lemonade & Half Iced Tea","","Country Time Half Lemonade & Half Iced Tea","3.36","0.0","Market Basket","19 oz","19 oz","No Image.jpg","","17"
"6112","Beverages & Juices","Soft Drinks & Seltzers","Soft Drinks","Crush","Crush Pineapple Soda","","Crush Pineapple Soda","2.5","0.0","Market Basket","2 L","2 L","No Image.jpg","","17"
"6052","Beverages & Juices","Ice Pops","Ice Pops","Jolly Rancher","Jolly Rancher Freezer Pops","","Jolly Rancher Freezer Pops","1.24","0.0","Market Basket","10 x 1 oz","10 x 1 oz","No Image.jpg","","17"
"6514","Chips, Cookies & Snacks","Nuts, Seeds & Dried Fruit","Nuts, Seeds & Dried Fruit","Emerald","Emerald Dry Roasted Almonds","","Emerald Dry Roasted Almonds","3.49","0.0","Market Basket","5 oz","5 oz","No Image.jpg","","6"
"501","Laundry & Paper Goods","Laundry","Laundry Detergent","Tide","Tide Detergent Original 96 Loads Laundry Detergent","","Tide Detergent Original 96 Loads Laundry Detergent","22.49","1.0","Market Basket","138 fl oz","138 fl oz","No Image.jpg","","15"
"144","Kitchen & Cleaning","Cleaning Products","Other Cleaning Products","Butler Gum","Butler Gum Stainless Steel Scrubbers","","Butler Gum Stainless Steel Scrubbers","2.49","1.0","Market Basket","2 count","2 count","No Image.jpg","","15"
"72","Kitchen & Cleaning","Air Fresheners & Candles","Other Air Fresheners & Candles","Pure Citrus","Pure Citrus Odor Remover Citrus Blend Scent","","Pure Citrus Odor Remover Citrus Blend Scent","4.69","1.0","Market Basket","8 oz","8 oz","No Image.jpg","","15"
"6467","Chips, Cookies & Snacks","Nuts, Seeds & Dried Fruit","Nuts, Seeds & Dried Fruit","P3 - Portable Protein Pack","P3 Chipotle Peanuts, Sunflower Kernels, Original Beef Jerky","","P3 Chipotle Peanuts, Sunflower Kernels, Original Beef Jerky","6.24","0.0","Market Basket","5.4 oz","5.4 oz","No Image.jpg","","6"
"8367","Condiments & Dressings","Honey, Syrup & Nectars","Syrup","Hershey's","Hershey's Syrup","","Hershey's Syrup","4.89","0.0","Market Basket","24 fl oz","24 fl oz","No Image.jpg","","3"
"6513","Chips, Cookies & Snacks","Nuts, Seeds & Dried Fruit","Nuts, Seeds & Dried Fruit","Emerald","Emerald Deluxe Mixed Nuts","","Emerald Deluxe Mixed Nuts","3.49","0.0","Market Basket","5 oz","5 oz","No Image.jpg","","6"
"6256","Beverages & Juices","Water","Water","Dasani","Dasani Purified Water","","Dasani Purified Water","3.13","0.0","Market Basket","8 x 12 fl oz","8 x 12 fl oz","No Image.jpg","","11"
"6014","Beverages & Juices","Energy & Sports Drinks","Energy & Sports Drinks","Red Bull","Red Bull The Coconut Edition - Coconut Berry","","Red Bull The Coconut Edition - Coconut Berry","9.36","0.0","Market Basket","4 x 8.4 fl oz","4 x 8.4 fl oz","No Image.jpg","","17"
"4530","Meat & Seafood","Lunch Meat","Other Meat","Carando","Carando Classic Italian Foods Boneless Prosciutto","","Carando Classic Italian Foods Boneless Prosciutto","2.19","0.0","Market Basket","0.22 oz","0.22 oz","No Image.jpg","","22"
"5062","Chips, Cookies & Snacks","Cookies & Crackers","Cookies & Cakes","Keebler","Keebler Sandies Shortbread Classic","","Keebler Sandies Shortbread Classic","3.91","0.0","Market Basket","11.2 oz","11.2 oz","No Image.jpg","","6"
"5330","Breakfast & Dairy","Bars & Pastries","Breakfast Bars","Nature's Bakery","Nature's Bakery Fig Bar Blueberry","","Nature's Bakery Fig Bar Blueberry","4.69","0.0","Market Basket","6 x 2 oz","6 x 2 oz","No Image.jpg","","6"
"6339","Beverages & Juices","Soft Drinks & Seltzers","Soft Drinks","Polar","Polar Diet Orange Dry","","Polar Diet Orange Dry","2.11","0.0","Market Basket","2 L","2 L","No Image.jpg","","11"
"5012","Chips, Cookies & Snacks","Chips & Fruit Snacks","Ready Popcorn","Utz","Utz Popcorn Butter","","Utz Popcorn Butter","3.91","0.0","Market Basket","6.5 oz","6.5 oz","No Image.jpg","","0"
"6098","Beverages & Juices","Soft Drinks & Seltzers","Soft Drinks","Coca-Cola","Coca Cola Original Taste Box of Cans","","Coca Cola Original Taste Box of Cans","6.86","0.0","Market Basket","12 x 12 fl oz","12 x 12 fl oz","No Image.jpg","","17"
"5985","Beverages & Juices","Cocoa & Drink Mixes","Cocoa & Drink Mixes","Master of Mixes","Master of Mixes Lite Sweet 'N Sour Mixer","","Master of Mixes Lite Sweet 'N Sour Mixer","7.49","0.0","Market Basket","1.75 L","1.75 L","No Image.jpg","","17"
"576","Laundry & Paper Goods","Laundry","Laundry Detergent","Downy","Downy fresh Protect with febreze in wash ODOR Defense active fresh Laundry Detergent","","Downy fresh Protect with febreze in wash ODOR Defense active fresh Laundry Detergent","8.74","1.0","Market Basket","285 g","285 g","No Image.jpg","","15"
"5938","Beverages & Juices","Cocoa & Drink Mixes","Cocoa & Drink Mixes","Powell & Mahoney","Powell & Mahoney Skinny Margarita","","Powell & Mahoney Skinny Margarita","8.74","0.0","Market Basket","750 ml","750 ml","No Image.jpg","","17"
"4965","Chips, Cookies & Snacks","Chips & Fruit Snacks","Chips & Pretzels","Terra Chips","Terra Sweet Potato Chips No Salt Added Non GMO","","Terra Sweet Potato Chips No Salt Added Non GMO","6.23","0.0","Market Basket","6 oz","6 oz","No Image.jpg","","0"
"535","Laundry & Paper Goods","Laundry","Laundry Detergent","all","all stainlifters fresh tropical mist detergent 26 Loads Laundry Detergent","","all stainlifters fresh tropical mist detergent 26 Loads Laundry Detergent","3.74","1.0","Market Basket","40 fl oz","40 fl oz","No Image.jpg","","15"
"6421","Chips, Cookies & Snacks","Chips & Fruit Snacks","Rice Cake","Quaker","Quaker Apple Cinnamon Rice Cake","","Quaker Apple Cinnamon Rice Cake","2.5","0.0","Market Basket","6.5 oz","6.5 oz","No Image.jpg","","6"
"6354","Beverages & Juices","Soft Drinks & Seltzers","Soft Drinks","Polar","Polar Premium Club Soda Lemon","","Polar Premium Club Soda Lemon","1.49","0.0","Market Basket","1 L","1 L","No Image.jpg","","11"
"495","Laundry & Paper Goods","Laundry","Laundry Detergent","Tide","Tide purclean plant based detergent Honey Lavender","","Tide purclean plant based detergent Honey Lavender","14.99","1.0","Market Basket","69 fl oz","69 fl oz","No Image.jpg","","15"
"5337","Chips, Cookies & Snacks","Cookies & Crackers","Cookies & Cakes","belVita","belVita Bites Blueberry","","belVita Bites Blueberry","4.69","0.0","Market Basket","8.8 oz","8.8 oz","No Image.jpg","","6"
"5912","Beverages & Juices","Tea, Coffee, Milk & Coconut Water","Single To-Go Coffee","StarBucks","Starbucks Frappuccino French Vanilla Bottles 4 Pack","","Starbucks Frappuccino French Vanilla Bottles 4 Pack","6.24","0.0","Market Basket","4 x 9.5 fl oz","4 x 9.5 fl oz","No Image.jpg","","17"
"6096","Beverages & Juices","Soft Drinks & Seltzers","Soft Drinks","Coca-Cola","Coca Cola Diet Coke Can","","Coca Cola Diet Coke Can","4.16","0.0","Market Basket","6 x 12 fl oz","6 x 12 fl oz","No Image.jpg","","17"
"6306","Beverages & Juices","Water","Sparkling Water","Poland Spring","Poland Spring Sparkling Water, Twist of Orange","","Poland Spring Sparkling Water, Twist of Orange","3.74","0.0","Market Basket","8 x 16.9 fl oz","8 x 16.9 fl oz","No Image.jpg","","11"
"477","Laundry & Paper Goods","Laundry","Laundry Detergent","Purex Liquid Detergents","Purex Concentrated Detergent Mountain Breeze 38 loads","","Purex Concentrated Detergent Mountain Breeze 38 loads","4.99","1.0","Market Basket","50 fl oz","50 fl oz","No Image.jpg","","15"
"564","Laundry & Paper Goods","Laundry","Laundry Detergent","Persil","Persil ProClean Intense Fresh Detergent Deep Clean 25 Loads","","Persil ProClean Intense Fresh Detergent Deep Clean 25 Loads","7.49","1.0","Market Basket","40 fl oz","40 fl oz","No Image.jpg","","15"
"5277","Chips, Cookies & Snacks","Chips & Fruit Snacks","Ready Popcorn","PopCorners","PopCorners Popped Corn Chips Sweet & Salty Kettle Corn","","PopCorners Popped Corn Chips Sweet & Salty Kettle Corn","3.13","0.0","Market Basket","7 oz","7 oz","No Image.jpg","","0"
"6334","Beverages & Juices","Soft Drinks & Seltzers","Seltzer","Polar","Polar Ruby Red Grapefruit Seltzer","","Polar Ruby Red Grapefruit Seltzer","1.24","0.0","Market Basket","2 L","2 L","No Image.jpg","","11"
"5225","Chips, Cookies & Snacks","Cookies & Crackers","Crackers","Nabisco","Nabisco Wheat Thins Crackers, Cracked Pepper and Olive Oil","","Nabisco Wheat Thins Crackers, Cracked Pepper and Olive Oil","3.91","0.0","Market Basket","9 oz","9 oz","No Image.jpg","","6"
"4713","Meat & Seafood","Frozen Meat & Seafood","Ham","Carando","Carando Spiral Cut Half Ham","","Carando Spiral Cut Half Ham","36.95","0.0","Market Basket","Approx: 5.00 lb at $7.39/lb","Approx: 5.00 lb at $7.39/lb","No Image.jpg","","18"
"5016","Chips, Cookies & Snacks","Chips & Fruit Snacks","Chips & Pretzels","Utz","Utz Pork Rinds Chicharrones Hot n Spicy","","Utz Pork Rinds Chicharrones Hot n Spicy","2.8","0.0","Market Basket","3 oz","3 oz","No Image.jpg","","0"
"5991","Beverages & Juices","Cocoa & Drink Mixes","Cocoa & Drink Mixes","Master of Mixes","Master of Mixes Strawberry Daiquiri & Margarita Mixer","","Master of Mixes Strawberry Daiquiri & Margarita Mixer","7.49","0.0","Market Basket","1.75 L","1.75 L","No Image.jpg","","17"
"6461","Chips, Cookies & Snacks","Jerkies","Jerky","Vermont","Vermont BBQ Seasoned Beef Sticks","","Vermont BBQ Seasoned Beef Sticks","6.24","0.0","Market Basket","3 oz","3 oz","No Image.jpg","","6"
"6488","Chips, Cookies & Snacks","Nuts, Seeds & Dried Fruit","Nuts, Seeds & Dried Fruit","Emerald","Emerald Dry Roasted Almonds","","Emerald Dry Roasted Almonds","3.75","0.0","Market Basket","4.34 oz","4.34 oz","No Image.jpg","","6"
"6124","Beverages & Juices","Soft Drinks & Seltzers","Soft Drinks","Fanta","Fanta Grape Soda","","Fanta Grape Soda","1.24","0.0","Market Basket","2 L","2 L","No Image.jpg","","17"
"5503","Chips, Cookies & Snacks","Candy & Chocolates","Candy & Chocolate","M&M","M&M Milk Chocolate Candies With Peanut","","M&M Milk Chocolate Candies With Peanut","3.69","0.0","Market Basket","14 oz","14 oz","No Image.jpg","","3"
"6058","Beverages & Juices","Cocoa & Drink Mixes","Cocoa & Drink Mixes","Crystal Light","Crystal Light Pure Lemon Iced Tea","","Crystal Light Pure Lemon Iced Tea","3.75","0.0","Market Basket","2.53 oz","2.53 oz","No Image.jpg","","17"
"508","Laundry & Paper Goods","Laundry","Laundry Detergent","Tide","Tide Pods Sport Odor Defense Laundry Detergent","","Tide Pods Sport Odor Defense Laundry Detergent","8.11","1.0","Market Basket","411 g","411 g","No Image.jpg","","15"
"6173","Beverages & Juices","Soft Drinks & Seltzers","Soft Drinks","Pepsi","Pepsi Zero Sugar Can","","Pepsi Zero Sugar Can","4.38","0.0","Market Basket","6 x 7.5 fl oz","6 x 7.5 fl oz","No Image.jpg","","17"
"5407","Chips, Cookies & Snacks","Cookies & Crackers","Crackers","Back to Nature","Back to Nature Harvest Whole Wheat Wheat Cracker","","Back to Nature Harvest Whole Wheat Wheat Cracker","6.23","0.0","Market Basket","8.5 oz","8.5 oz","No Image.jpg","","6"
"5136","Chips, Cookies & Snacks","Cookies & Crackers","Cookies & Cakes","Pepperidge Farm","Pepperidge Farm Verona Blueberry","","Pepperidge Farm Verona Blueberry","4.69","0.0","Market Basket","6.75 oz","6.75 oz","No Image.jpg","","6"
"6387","Beverages & Juices","Soft Drinks & Seltzers","Soft Drinks","Polar","Polar Blueberry Lemonade","","Polar Blueberry Lemonade","1.24","0.0","Market Basket","1 L","1 L","No Image.jpg","","11"
"6266","Beverages & Juices","Water","Water","Glaceau","Glaceau Smart Water","","Glaceau Smart Water","26.24","0.0","Market Basket","24 x 700 ml","24 x 700 ml","No Image.jpg","","11"
"14652","Breakfast & Dairy","Tea & Coffee","Tea","Yogi","Yogi Green Tea Kombucha","","Yogi Green Tea Kombucha","4.89","0.0","Market Basket","16 x 1.12 oz","16 x 1.12 oz","No Image.jpg","","8"
"4928","Chips, Cookies & Snacks","Chips & Fruit Snacks","Chips & Pretzels","Smartfood","Smartfood Caramel & Cheddar Mix","","Smartfood Caramel & Cheddar Mix","6.23","0.0","Market Basket","7 oz","7 oz","No Image.jpg","","0"
"530","Laundry & Paper Goods","Laundry","Scent Booster","Arm & Hammer","Arm & Hammer Clean Scentsations Scent booster Clean Meadow","","Arm & Hammer Clean Scentsations Scent booster Clean Meadow","4.99","1.0","Market Basket","24 oz","24 oz","No Image.jpg","","15"
"5386","Chips, Cookies & Snacks","Cookies & Crackers","Crackers","Real Food","Real Food Butternet Squash Crackers Sea Salt","","Real Food Butternet Squash Crackers Sea Salt","4.69","0.0","Market Basket","4 oz","4 oz","No Image.jpg","","6"
"519","Laundry & Paper Goods","Laundry","Laundry Detergent","Ivory Snow","Ivory Snow Gentle Care Detergent 16 Loads","","Ivory Snow Gentle Care Detergent 16 Loads","6.86","1.0","Market Basket","25 fl oz","25 fl oz","No Image.jpg","","15"
"6391","Beverages & Juices","Soft Drinks & Seltzers","Seltzer","Polar","Polar Seltzer Strawberry Lemonade","","Polar Seltzer Strawberry Lemonade","4.18","0.0","Market Basket","8 x 12 fl oz","8 x 12 fl oz","No Image.jpg","","11"
"4427","Meat & Seafood","Hot Dogs, Bacon & Sausage","Hot Dogs","Jodran's","Jordan's Chicken, Pork & Beef Franks","","Jordan's Chicken, Pork & Beef Franks","7.39","0.0","Market Basket","48 oz","48 oz","No Image.jpg","","1"
"487","Laundry & Paper Goods","Laundry","Laundry Detergent","Purex","Purex 4 in 1 Pacs Mountain Breeze 29 pack Laundry Detergent","","Purex 4 in 1 Pacs Mountain Breeze 29 pack Laundry Detergent","5.61","1.0","Market Basket","29 pack","29 pack","No Image.jpg","","15"
"5346","Chips, Cookies & Snacks","Cookies & Crackers","Cookies & Cakes","belVita","belVita Cranberry Orange Breakfast Biscuits","","belVita Cranberry Orange Breakfast Biscuits","4.69","0.0","Market Basket","8.8 oz","8.8 oz","No Image.jpg","","6"
"5420","Chips, Cookies & Snacks","Cookies & Crackers","Cookies & Cakes","Nabisco","Nutter Butter Bites Peanut Butter","","Nutter Butter Bites Peanut Butter","1.56","0.0","Market Basket","3.5 oz","3.5 oz","No Image.jpg","","6"
"615","Laundry & Paper Goods","Paper Goods","Wipes","Puffs","Puffs Plus Lotion","","Puffs Plus Lotion","6.24","1.0","Market Basket","4 boxes","4 boxes","No Image.jpg","","14"
"6358","Beverages & Juices","Soft Drinks & Seltzers","Soft Drinks","Polar","Polar Premium Collins Natural Citrus Flavor","","Polar Premium Collins Natural Citrus Flavor","1.49","0.0","Market Basket","1 L","1 L","No Image.jpg","","11"
"6372","Beverages & Juices","Soft Drinks & Seltzers","Soft Drinks","Polar","Polar Diet Black Cherry","","Polar Diet Black Cherry","1.49","0.0","Market Basket","1 L","1 L","No Image.jpg","","17"
"5389","Chips, Cookies & Snacks","Cookies & Crackers","Crackers","Kame","Kame Rice Crackers Sesame","","Kame Rice Crackers Sesame","4.67","0.0","Market Basket","3.5 oz","3.5 oz","No Image.jpg","","6"
"553","Laundry & Paper Goods","Laundry","Laundry Detergent","cheer","Cheer colorguard Detergent 64 Loads","","Cheer colorguard Detergent 64 Loads","13.74","1.0","Market Basket","100 fl oz","100 fl oz","No Image.jpg","","15"
"6267","Beverages & Juices","Water","Water","Glaceau","Glaceau Vapor Distilled Premium Water Bottle Antitoxidant","","Glaceau Vapor Distilled Premium Water Bottle Antitoxidant","16.24","0.0","Market Basket","12 x 1 L","12 x 1 L","No Image.jpg","","11"
"4611","Meat & Seafood","Lunch Meat","Turkey","Thin 'n Trim","Thin 'n Trim Turkey Breast","","Thin 'n Trim Turkey Breast","3.69","0.0","Market Basket","6 oz","6 oz","No Image.jpg","","22"
"7615","Cooking Needs","Canned Food","Canned Fruit & Applesauce","Del Monte","Del Monte Fruit Naturals Red Grapefruit","","Del Monte Fruit Naturals Red Grapefruit","1.59","0.0","Market Basket","7 oz","7 oz","No Image.jpg","","3"
"5357","Chips, Cookies & Snacks","Cookies & Crackers","Crackers","Nabisco","Nabisco Barnum's Animals Crackers 12 Packs","","Nabisco Barnum's Animals Crackers 12 Packs","6.23","0.0","Market Basket","12 x 1 oz","12 x 1 oz","No Image.jpg","","6"
"5209","Chips, Cookies & Snacks","Cookies & Crackers","Crackers","Olde Cape Cod","Olde Cape Cod Soup & Chowder Oyster Crackers","","Olde Cape Cod Soup & Chowder Oyster Crackers","3.13","0.0","Market Basket","8 oz","8 oz","No Image.jpg","","6"
"6482","Chips, Cookies & Snacks","Nuts, Seeds & Dried Fruit","Nuts, Seeds & Dried Fruit","River Queen","River Queen Salted Peanuts","","River Queen Salted Peanuts","2.5","0.0","Market Basket","13 oz","13 oz","No Image.jpg","","6"
"4169","Meat & Seafood","Packaged Meat & Seafood","Beef","Certified Angus Beef","Certified Angus Beef Thin Top Round Steak","","Certified Angus Beef Thin Top Round Steak","5.79","0.0","Market Basket","0.97 lb","0.97 lb","No Image.jpg","","22"
"5332","Breakfast & Dairy","Bars & Pastries","Breakfast Bars","Nature's Bakery","Nature's Bakery Oatmeal Crumble Cherry","","Nature's Bakery Oatmeal Crumble Cherry","4.69","0.0","Market Basket","6 x 1.41 oz","6 x 1.41 oz","No Image.jpg","","6"
"5941","Beverages & Juices","Cocoa & Drink Mixes","Cocoa & Drink Mixes","Cocktail Artist","Cocktail Artist Strawberry Daiquiri-Margarita Mix","","Cocktail Artist Strawberry Daiquiri-Margarita Mix","6.24","0.0","Market Basket","1 L","1 L","No Image.jpg","","17"
"624","Laundry & Paper Goods","Paper Goods","Wipes","Scotties","Scotties everyday comfort","","Scotties everyday comfort","1.24","1.0","Market Basket","110 count","110 count","No Image.jpg","","14"
"5989","Beverages & Juices","Cocoa & Drink Mixes","Cocoa & Drink Mixes","Master of Mixes","Master of Mixes Loaded Bloody Mary Mixer","","Master of Mixes Loaded Bloody Mary Mixer","7.49","0.0","Market Basket","1.75 L","1.75 L","No Image.jpg","","17"
"6153","Beverages & Juices","Soft Drinks & Seltzers","Soft Drinks","Mountain Dew","Mountain Dew Code Red Cherry","","Mountain Dew Code Red Cherry","2.5","0.0","Market Basket","2 L","2 L","No Image.jpg","","17"
"3946","Fresh Produce","Fresh Vegetables","Potato","Little Potato Company","Terrific Trio Mini Potatoes","","Terrific Trio Mini Potatoes","6.04","0.0","Market Basket","1.5 lb","1.5 lb","No Image.jpg","","20"
"6008","Beverages & Juices","Energy & Sports Drinks","Energy & Sports Drinks","NOS","NOS High Performance Energy Drink","","NOS High Performance Energy Drink","2.09","0.0","Market Basket","16 fl oz","16 fl oz","No Image.jpg","","17"
"6489","Chips, Cookies & Snacks","Nuts, Seeds & Dried Fruit","Nuts, Seeds & Dried Fruit","Emerald","Emerald Almonds & Walnuts Unsalted","","Emerald Almonds & Walnuts Unsalted","3.75","0.0","Market Basket","3.92 oz","3.92 oz","No Image.jpg","","6"
"4555","Meat & Seafood","Lunch Meat","Other Meat","San Daniele","San Daniele Genoa Salame","","San Daniele Genoa Salame","3.69","0.0","Market Basket","3 oz","3 oz","No Image.jpg","","22"
"5922","Beverages & Juices","Tea, Coffee, Milk & Coconut Water","Single To-Go Coffee","Forto","Forto Coffee Shot Organic Chocolate Latte","","Forto Coffee Shot Organic Chocolate Latte","1.88","0.0","Market Basket","2 fl oz","2 fl oz","No Image.jpg","","17"
"5307","Chips, Cookies & Snacks","Cookies & Crackers","Crackers","Nabisco","Nabisco Original Premium Topped With Sea Salt Fresh Stacks","","Nabisco Original Premium Topped With Sea Salt Fresh Stacks","3.91","0.0","Market Basket","13.6 oz","13.6 oz","No Image.jpg","","6"
"5249","Chips, Cookies & Snacks","Chips & Fruit Snacks","Ready Popcorn","LATE JULY","LATE JULY Kettle Organic Popcorn","","LATE JULY Kettle Organic Popcorn","4.69","0.0","Market Basket","4.4 oz","4.4 oz","No Image.jpg","","0"
"4045","Meat & Seafood","Meat & Seafood Counter","Beef","Angus Beef","Angus Beef Boneless Chuck Eye Steak","","Angus Beef Boneless Chuck Eye Steak","6.49","0.0","Market Basket","1 lb","1 lb","No Image.jpg","","22"
"5260","Chips, Cookies & Snacks","Chips & Fruit Snacks","Chips & Pretzels","Kettle","Kettle Brand Potato Chips Sour Cream & Onion","","Kettle Brand Potato Chips Sour Cream & Onion","4.69","0.0","Market Basket","8.5 oz","8.5 oz","No Image.jpg","","0"
"5900","Beverages & Juices","Tea, Coffee, Milk & Coconut Water","Single To-Go Coffee","StarBucks","Starbucks Doubleshot Energy Coffee","","Starbucks Doubleshot Energy Coffee","3.36","0.0","Market Basket","15 fl oz","15 fl oz","No Image.jpg","","17"
"610","Laundry & Paper Goods","Paper Goods","Paper Napkins","Clorox","HandiWipes MultiUse Reusable Cloths","","HandiWipes MultiUse Reusable Cloths","2.49","1.0","Market Basket","1 pack","1 pack","No Image.jpg","","14"
"4927","Chips, Cookies & Snacks","Chips & Fruit Snacks","Chips & Pretzels","Smartfood","Smartfood Sweet & Salty Kettle Corn","","Smartfood Sweet & Salty Kettle Corn","6.23","0.0","Market Basket","7.75","7.75","No Image.jpg","","0"
"5421","Chips, Cookies & Snacks","Cookies & Crackers","Cookies & Cakes","Nabisco","Mini Nilla Wafers","","Mini Nilla Wafers","1.56","0.0","Market Basket","2.25 oz","2.25 oz","No Image.jpg","","6"
"467","Laundry & Paper Goods","Laundry","Laundry Detergent","Sun","Sun Triple Clean plus OXI original fresh 156 medium loads laundry detergent","","Sun Triple Clean plus OXI original fresh 156 medium loads laundry detergent","9.86","1.0","Market Basket","250 fl oz","250 fl oz","No Image.jpg","","15"
"6346","Beverages & Juices","Soft Drinks & Seltzers","Soft Drinks","Polar","Polar Diet Pomegranate Dry Soda","","Polar Diet Pomegranate Dry Soda","1.74","0.0","Market Basket","2 L","2 L","No Image.jpg","","11"
"5275","Chips, Cookies & Snacks","Chips & Fruit Snacks","Chips & Pretzels","Good Health","Good Health Organic Baked Cheese Fries Hot n Spicy","","Good Health Organic Baked Cheese Fries Hot n Spicy","3.13","0.0","Market Basket","5.5 oz","5.5 oz","No Image.jpg","","0"
"5286","Chips, Cookies & Snacks","Chips & Fruit Snacks","Chips & Pretzels","Pringles","Pringles Pizza Potato Crisps","","Pringles Pizza Potato Crisps","2.08","0.0","Market Basket","5.5 oz","5.5 oz","No Image.jpg","","0"
"6896","Cooking Needs","Baking & Cooking","Baking Ingredients","Nielsen Massey","Nielsen Massey Pure Vanilla Extract","","Nielsen Massey Pure Vanilla Extract","18.29","0.0","Market Basket","8 oz","8 oz","No Image.jpg","","8"
"4375","Meat & Seafood","Meat & Seafood Counter","Turkey Breast","Thin 'n Trim","Thin 'n Trim Honey Turkey Breast","","Thin 'n Trim Honey Turkey Breast","7.39","0.0","Market Basket","1 lb","1 lb","No Image.jpg","","22"
"5380","Chips, Cookies & Snacks","Cookies & Crackers","Crackers","Schar","Schar Gluten Free Vanilla Wafers","","Schar Gluten Free Vanilla Wafers","4.67","0.0","Market Basket","4.4 oz","4.4 oz","No Image.jpg","","6"
"474","Laundry & Paper Goods","Laundry","Laundry Detergent","Seventh Generation","Seventh Generation Ultra Power Plus Laundry Detergent fresh CITRUS scent","","Seventh Generation Ultra Power Plus Laundry Detergent fresh CITRUS scent","15.61","1.0","Market Basket","95 fl oz","95 fl oz","No Image.jpg","","15"
"5895","Beverages & Juices","Tea, Coffee, Milk & Coconut Water","Single To-Go Coffee","StarBucks","Starbucks Tripleshot Energy Dark Roast","","Starbucks Tripleshot Energy Dark Roast","3.36","0.0","Market Basket","15 fl oz","15 fl oz","No Image.jpg","","17"
"5363","Chips, Cookies & Snacks","Cookies & Crackers","Cookies & Cakes","Tate's Bake Shop","Tate's Bake Shop Butter Crunch Cookies","","Tate's Bake Shop Butter Crunch Cookies","6.23","0.0","Market Basket","7 oz","7 oz","No Image.jpg","","6"
"6507","Chips, Cookies & Snacks","Nuts, Seeds & Dried Fruit","Nuts, Seeds & Dried Fruit","Blue Diamond","Blue Diamond Lightly Salted Almonds (Sea Salt)","","Blue Diamond Lightly Salted Almonds (Sea Salt)","9.99","0.0","Market Basket","16 oz","16 oz","No Image.jpg","","6"
"5970","Beverages & Juices","Cocoa & Drink Mixes","Cocoa & Drink Mixes","Master of Mixes","Master of Mixes Handcrafted Pina Colada Mixer","","Master of Mixes Handcrafted Pina Colada Mixer","4.99","0.0","Market Basket","33.8 fl oz","33.8 fl oz","No Image.jpg","","17"
"5065","Chips, Cookies & Snacks","Cookies & Crackers","Cookies & Cakes","Lu","Lu Digestive Biscuits","","Lu Digestive Biscuits","4.69","0.0","Market Basket","5.29 oz","5.29 oz","No Image.jpg","","6"
"4050","Meat & Seafood","Meat & Seafood Counter","Beef","Certified Angus Beef","Certified Angus Beef First Cut Top Steak","","Certified Angus Beef First Cut Top Steak","4.89","0.0","Market Basket","1 lb","1 lb","No Image.jpg","","22"
"6373","Beverages & Juices","Water","Sparkling Water","Polar","Polar Lime Sparkling Water","","Polar Lime Sparkling Water","1.24","0.0","Market Basket","1 L","1 L","No Image.jpg","","11"
"4128","Meat & Seafood","Meat & Seafood Counter","Chicken Breast","Springer","Springer Farms Skinless Chicken Breast","","Springer Farms Skinless Chicken Breast","6.09","0.0","Market Basket","1 lb","1 lb","No Image.jpg","","22"
"5348","Chips, Cookies & Snacks","Cookies & Crackers","Cookies & Cakes","belVita","belVita Soft Baked Oats & Chocolate Breakfast Biscuits","","belVita Soft Baked Oats & Chocolate Breakfast Biscuits","4.69","0.0","Market Basket","8.8 oz","8.8 oz","No Image.jpg","","6"
"6197","Beverages & Juices","Soft Drinks & Seltzers","Soft Drinks","7 up","7 Up Diet Cherry","","7 Up Diet Cherry","2.11","0.0","Market Basket","2 L","2 L","No Image.jpg","","17"
"5289","Chips, Cookies & Snacks","Chips & Fruit Snacks","Chips & Pretzels","Pringles","Pringles Variety Pack 6 Original 6 Sour Cream 6 Cheddar Cheese 18 Pack","","Pringles Variety Pack 6 Original 6 Sour Cream 6 Cheddar Cheese 18 Pack","10.92","0.0","Market Basket","12.9 oz","12.9 oz","No Image.jpg","","0"
"5137","Chips, Cookies & Snacks","Cookies & Crackers","Cookies & Cakes","Pepperidge Farm","Pepperidge Farm Verona Cherry","","Pepperidge Farm Verona Cherry","4.69","0.0","Market Basket","6.75 oz","6.75 oz","No Image.jpg","","6"
"594","Laundry & Paper Goods","Laundry","Laundry Detergent","Febreze","Febreze Odor Eliminator Quick Dry Mist Crisp Clean Laundry Detergent","","Febreze Odor Eliminator Quick Dry Mist Crisp Clean Laundry Detergent","6.24","1.0","Market Basket","15 fl oz","15 fl oz","No Image.jpg","","15"
"4459","Meat & Seafood","Hot Dogs, Bacon & Sausage","Sausage","Bianco & Sons","Bianco & Sons Breakfast Sausage","","Bianco & Sons Breakfast Sausage","4.59","0.0","Market Basket","16 oz","16 oz","No Image.jpg","","1"
"476","Laundry & Paper Goods","Laundry","Laundry Detergent","Purex Liquid Detergents","Purex Concentrated Detergent Mountain Breeze 57 loads","","Purex Concentrated Detergent Mountain Breeze 57 loads","3.74","1.0","Market Basket","75 fl oz","75 fl oz","No Image.jpg","","15"
"5350","Chips, Cookies & Snacks","Cookies & Crackers","Cookies & Cakes","belVita","belVita Soft Baked Mixed Berry Breakfast Biscuits","","belVita Soft Baked Mixed Berry Breakfast Biscuits","4.69","0.0","Market Basket","8.8 oz","8.8 oz","No Image.jpg","","6"
"8775","Condiments & Dressings","Preserved Dips & Spreads","Preserved Dips & Salsa","Tio Juan's","Tio Juan's Margarita Hot Salsa","","Tio Juan's Margarita Hot Salsa","3.09","0.0","Market Basket","16 oz","16 oz","No Image.jpg","","1"
"5312","Chips, Cookies & Snacks","Cookies & Crackers","Cookies & Cakes","Oreo","Oreo Milk's Favorite Cookie","","Oreo Milk's Favorite Cookie","5.47","0.0","Market Basket","13.3 oz","13.3 oz","No Image.jpg","","6"
"6075","Beverages & Juices","Ginger Ale & Ginger Beer","Ginger Ale","Canada Dry","Canada Dry Ginger Ale Can","","Canada Dry Ginger Ale Can","4.16","0.0","Market Basket","6 x 7.5 fl oz","6 x 7.5 fl oz","No Image.jpg","","17"
"570","Laundry & Paper Goods","Laundry","Laundry Detergent","Downy","Ultra Downy april fresh 40 Loads Laundry Detergent","","Ultra Downy april fresh 40 Loads Laundry Detergent","4.99","1.0","Market Basket","1.02 L","1.02 L","No Image.jpg","","15"
"5340","Chips, Cookies & Snacks","Cookies & Crackers","Cookies & Cakes","belVita","belVita Sandwich Dark Chocolate Creme","","belVita Sandwich Dark Chocolate Creme","4.69","0.0","Market Basket","8.8 oz","8.8 oz","No Image.jpg","","6"
"5002","Chips, Cookies & Snacks","Chips & Fruit Snacks","Chips & Pretzels","Utz","Utz Ripples Barbeque Potato Chips","","Utz Ripples Barbeque Potato Chips","4.69","0.0","Market Basket","9 oz","9 oz","No Image.jpg","","0"
"4961","Chips, Cookies & Snacks","Chips & Fruit Snacks","Chips & Pretzels","Sun Chips","Sun Chips 100% Whole Grain Original","","Sun Chips 100% Whole Grain Original","5.14","0.0","Market Basket","7 oz","7 oz","No Image.jpg","","0"
"4856","Chips, Cookies & Snacks","Chips & Fruit Snacks","Chips & Pretzels","Frito Lay's","Frito Lay's Flavor Mix Party Size 28 Pack","","Frito Lay's Flavor Mix Party Size 28 Pack","17.17","0.0","Market Basket","28 x 1 oz","28 x 1 oz","No Image.jpg","","0"
"511","Laundry & Paper Goods","Laundry","Laundry Detergent","Dreft","Dreft Stage 2:active baby Laundry Detergent 32 Loads","","Dreft Stage 2:active baby Laundry Detergent 32 Loads","12.49","1.0","Market Basket","50 fl oz","50 fl oz","No Image.jpg","","15"
"5391","Chips, Cookies & Snacks","Cookies & Crackers","Crackers","Kame","Kame Rice Crackers Seaweed","","Kame Rice Crackers Seaweed","4.67","0.0","Market Basket","3.5 oz","3.5 oz","No Image.jpg","","6"
"5414","Chips, Cookies & Snacks","Cookies & Crackers","Crackers","Nabisco","Nabisco Barnum's Animals Crackers","","Nabisco Barnum's Animals Crackers","2.34","0.0","Market Basket","2.13 oz","2.13 oz","No Image.jpg","","6"
"5939","Beverages & Juices","Cocoa & Drink Mixes","Cocoa & Drink Mixes","Powell & Mahoney","Powell & Mahoney Classic Margarita","","Powell & Mahoney Classic Margarita","8.74","0.0","Market Basket","750 ml","750 ml","No Image.jpg","","17"
"8743","Condiments & Dressings","Preserved Dips & Spreads","Preserved Dips & Salsa","Joseph's","Joseph's Pine Nut Hommus","","Joseph's Pine Nut Hommus","3.69","0.0","Market Basket","10 oz","10 oz","No Image.jpg","","1"
"4561","Meat & Seafood","Lunch Meat","Pepperoni","Carando","Carando Pepperoni","","Carando Pepperoni","6.09","0.0","Market Basket","16 oz","16 oz","No Image.jpg","","22"
"5395","Chips, Cookies & Snacks","Cookies & Crackers","Crackers","Ak-Mak","ak-mak Sesame Cracker Low Fat Organic Whole Wheat Flour","","ak-mak Sesame Cracker Low Fat Organic Whole Wheat Flour","3.91","0.0","Market Basket","4.15 oz","4.15 oz","No Image.jpg","","6"
"5971","Beverages & Juices","Cocoa & Drink Mixes","Cocoa & Drink Mixes","Master of Mixes","Master of Mixes Handcrafted Watermelon Daiquiri & Margarita Mixer","","Master of Mixes Handcrafted Watermelon Daiquiri & Margarita Mixer","4.99","0.0","Market Basket","33.8 fl oz","33.8 fl oz","No Image.jpg","","17"
"5322","Chips, Cookies & Snacks","Cookies & Crackers","Cookies & Cakes","Chips Ahoy!","Chips Ahoy! Chunky Chocolate Chip Cookies Family Size","","Chips Ahoy! Chunky Chocolate Chip Cookies Family Size","5.47","0.0","Market Basket","510 g","510 g","No Image.jpg","","6"
"5973","Beverages & Juices","Cocoa & Drink Mixes","Cocoa & Drink Mixes","Master of Mixes","Master of Mixes Handcrafted Blood Orange Margarita Mixer","","Master of Mixes Handcrafted Blood Orange Margarita Mixer","4.99","0.0","Market Basket","33.8 fl oz","33.8 fl oz","No Image.jpg","","17"
"3442","Fresh Produce","Fresh Fruits","Blueberries","Market Basket","Blueberries","","Blueberries","7.14","0.0","Market Basket","2 box","2 box","No Image.jpg","","20"
"3431","Fresh Produce","Fresh Fruits","Apple","Market Basket","Cortland Apples","","Cortland Apples","1.64","0.0","Market Basket","1 lb","1 lb","No Image.jpg","","20"
"567","Laundry & Paper Goods","Laundry","Laundry Detergent","Downy","Ultra Downy april fresh 120 Loads Laundry Detergent","","Ultra Downy april fresh 120 Loads Laundry Detergent","11.24","1.0","Market Basket","3.06 L","3.06 L","No Image.jpg","","15"
"6385","Beverages & Juices","Water","Sparkling Water","Polar","Polar Orange Vanilla Sparkling Water","","Polar Orange Vanilla Sparkling Water","1.24","0.0","Market Basket","1 L","1 L","No Image.jpg","","11"
"8716","Condiments & Dressings","Preserved Dips & Spreads","Preserved Dips & Salsa","Calavo","Calavo Guacamole, Spicy","","Calavo Guacamole, Spicy","3.89","0.0","Market Basket","12 oz","12 oz","No Image.jpg","","1"
"6523","Chips, Cookies & Snacks","Nuts, Seeds & Dried Fruit","Nuts, Seeds & Dried Fruit","Sunmaid","Sunmaid Zante Currants","","Sunmaid Zante Currants","3.74","0.0","Market Basket","8 oz","8 oz","No Image.jpg","","6"
"5319","Chips, Cookies & Snacks","Cookies & Crackers","Cookies & Cakes","Chips Ahoy!","Chips Ahoy! 25% Less Fat Than Original","","Chips Ahoy! 25% Less Fat Than Original","3.91","0.0","Market Basket","13 oz","13 oz","No Image.jpg","","6"
"8292","Condiments & Dressings","Fresh Dips & Tapenades","Hommus","Cedar","Cedar Roasted Red Pepper Hommus","","Cedar Roasted Red Pepper Hummus","3.69","0.0","Market Basket","20 oz","20 oz","No Image.jpg","","1"
"197","Kitchen & Cleaning","Cleaning Products","Scrub Bob","Libman","Libman Poly Mesh Scrub Bob","","Libman Poly Mesh Scrub Bob","2.49","1.0","Market Basket","2 count","2 count","No Image.jpg","","15"
"6510","Chips, Cookies & Snacks","Nuts, Seeds & Dried Fruit","Nuts, Seeds & Dried Fruit","True North","True North Almond Pecan Crunch","","True North Almond Pecan Crunch","3.74","0.0","Market Basket","5 oz","5 oz","No Image.jpg","","6"
"6534","Chips, Cookies & Snacks","Nuts, Seeds & Dried Fruit","Nuts, Seeds & Dried Fruit","Sunmaid","Sunmaid Organic Raisins","","Sunmaid Organic Raisins","3.49","0.0","Market Basket","6 x 1 oz","6 x 1 oz","No Image.jpg","","6"
"4881","Chips, Cookies & Snacks","Chips & Fruit Snacks","Ready Popcorn","Lay's","Lay's Poppables Creamy Jalepeno Crispy Potato Bites","","Lay's Poppables Creamy Jalepeno Crispy Potato Bites","3.91","0.0","Market Basket","5 oz","5 oz","No Image.jpg","","0"
"6324","Beverages & Juices","Soft Drinks & Seltzers","Seltzer","Polar","Polar Seltzer Mermaid Songs","","Polar Seltzer Mermaid Songs","3.74","0.0","Market Basket","6 x 8 fl oz","6 x 8 fl oz","No Image.jpg","","11"
"6481","Chips, Cookies & Snacks","Nuts, Seeds & Dried Fruit","Nuts, Seeds & Dried Fruit","River Queen","River Queen Unsalted Peanuts","","River Queen Unsalted Peanuts","2.5","0.0","Market Basket","13 oz","13 oz","No Image.jpg","","6"
"6492","Chips, Cookies & Snacks","Nuts, Seeds & Dried Fruit","Nuts, Seeds & Dried Fruit","River Queen","River Queen Unsalted Dry Roasted Sunflower Seeds","","River Queen Unsalted Dry Roasted Sunflower Seeds","1.88","0.0","Market Basket","7 oz","7 oz","No Image.jpg","","6"
"6101","Beverages & Juices","Soft Drinks & Seltzers","Soft Drinks","Coca-Cola","Coca Cola Caffeine Free Box of Cans","","Coca Cola Caffeine Free Box of Cans","6.86","0.0","Market Basket","12 x 12 fl oz","12 x 12 fl oz","No Image.jpg","","17"
"4976","Chips, Cookies & Snacks","Chips & Fruit Snacks","Chips & Pretzels","Tostitos","Tositos Multigrain Scoops Tortilla Chips","","Tositos Multigrain Scoops Tortilla Chips","5.47","0.0","Market Basket","10 oz","10 oz","No Image.jpg","","0"
"5044","Chips, Cookies & Snacks","Cookies & Crackers","Cookies & Cakes","Dare","Dare Pure Chocolate Whippet Original Cookies","","Dare Pure Chocolate Whippet Original Cookies","3.91","0.0","Market Basket","8.8 oz","8.8 oz","No Image.jpg","","6"
"7442","Cooking Needs","Canned Food","Canned & Jarred Vegetables","Goya","Goya Crushed Tomatillos","","Goya Crushed Tomatillos","3.09","0.0","Market Basket","26 oz","26 oz","No Image.jpg","","9"
"5200","Chips, Cookies & Snacks","Cookies & Crackers","Crackers","Milton's","Milton's Organic Crackers Multi-grain","","Milton's Organic Crackers Multi-grain","3.91","0.0","Market Basket","6 oz","6 oz","No Image.jpg","","6"
"486","Laundry & Paper Goods","Laundry","Laundry Detergent","Purex","Purex 4 in 1 Pacs Mountain Breeze 22 pack Laundry Detergent","","Purex 4 in 1 Pacs Mountain Breeze 22 pack Laundry Detergent","5.61","1.0","Market Basket","22 pack","22 pack","No Image.jpg","","15"
"5375","Chips, Cookies & Snacks","Cookies & Crackers","Crackers","Kinnikinnick","Kinnikinnick Vanilla Wafers","","Kinnikinnick Vanilla Wafers","6.23","0.0","Market Basket","6.3 oz","6.3 oz","No Image.jpg","","6"
"555","Laundry & Paper Goods","Laundry","Laundry Detergent","Xtra","Xtra Plus OXI Clean Crystal Clean 108 Loads Laundry Detergent","","Xtra Plus OXI Clean Crystal Clean 108 Loads Laundry Detergent","7.49","1.0","Market Basket","192 fl oz","192 fl oz","No Image.jpg","","15"
"9036","Condiments & Dressings","Preserved Dips & Spreads","Spreads","Skippy","Skippy Peanut Butter","","Skippy Peanut Butter","2.79","0.0","Market Basket","12 oz","12 oz","No Image.jpg","","3"
"379","Kitchen & Cleaning","Food Storage & Kitchen Supplies","Utensils & Kitchen Supplies","Progresso","Progresso Deluxe Wooden Spoon","","Progresso Deluxe Wooden Spoon","3.69","1.0","Market Basket","1 ct","1 ct","No Image.jpg","","12"
"6456","Chips, Cookies & Snacks","Jerkies","Jerky","Lorissa's Kitchen","Lorissa's Kitchen Szechuan Peppercorn Tender Beef Steak Strips","","Lorissa's Kitchen Szechuan Peppercorn Tender Beef Steak Strips","7.49","0.0","Market Basket","2.25 oz","2.25 oz","No Image.jpg","","6"
"5907","Beverages & Juices","Tea, Coffee, Milk & Coconut Water","Single To-Go Coffee","StarBucks","Starbucks Frappuccino Mocha Almondmilk","","Starbucks Frappuccino Mocha Almondmilk","3.36","0.0","Market Basket","13.7 fl oz","13.7 fl oz","No Image.jpg","","17"
"6150","Beverages & Juices","Soft Drinks & Seltzers","Soft Drinks","Mountain Dew","Mountain Dew Box of Cans","","Mountain Dew Box of Cans","5.63","0.0","Market Basket","12 x 12 fl oz","12 x 12 fl oz","No Image.jpg","","17"
"6247","Beverages & Juices","Water","Tonic Water","Canada Dry","Canada Dry Tonic Water","","Canada Dry Tonic Water","1.24","0.0","Market Basket","1 L","1 L","No Image.jpg","","11"
"5353","Chips, Cookies & Snacks","Cookies & Crackers","Crackers","Austin","Austin Sandwich Crackers Cheddar Cheese on Cheese Crackers","","Austin Sandwich Crackers Cheddar Cheese on Cheese Crackers","7.02","0.0","Market Basket","37.2 oz","37.2 oz","No Image.jpg","","6"
"5381","Chips, Cookies & Snacks","Cookies & Crackers","Crackers","Simple Mills","Simple Mills Almond Flour Crackers Rosemary & Sea Salt","","Simple Mills Almond Flour Crackers Rosemary & Sea Salt","6.23","0.0","Market Basket","4.25 oz","4.25 oz","No Image.jpg","","6"
"6015","Beverages & Juices","Energy & Sports Drinks","Energy & Sports Drinks","Red Bull","Red Bull The Yellow Edition - Tropical","","Red Bull The Yellow Edition - Tropical","9.36","0.0","Market Basket","4 x 8.4 fl oz","4 x 8.4 fl oz","No Image.jpg","","17"
"5367","Chips, Cookies & Snacks","Cookies & Crackers","Cookies & Cakes","Pepperidge Farm","Pepperidge Farmhouse Thin & Crispy Milk Chocolate Chip","","Pepperidge Farmhouse Thin & Crispy Milk Chocolate Chip","6.23","0.0","Market Basket","5.9 oz","5.9 oz","No Image.jpg","","6"
"6167","Beverages & Juices","Soft Drinks & Seltzers","Soft Drinks","Pepsi","Pepsi Zero Sugar","","Pepsi Zero Sugar","5.0","0.0","Market Basket","6 x 16.9 fl oz","6 x 16.9 fl oz","No Image.jpg","","17"
"6519","Chips, Cookies & Snacks","Nuts, Seeds & Dried Fruit","Nuts, Seeds & Dried Fruit","Second Nature","Second Nature California Medley","","Second Nature California Medley","6.24","0.0","Market Basket","12 oz","12 oz","No Image.jpg","","6"
"572","Laundry & Paper Goods","Laundry","Laundry Detergent","Downy","Downy infusions CALM lavender & Vanilla bean 48 loads Laundry Detergent","","Downy infusions CALM lavender & Vanilla bean 48 loads Laundry Detergent","7.49","1.0","Market Basket","0.96 L","0.96 L","No Image.jpg","","15"
"7644","Cooking Needs","Canned Food","Canned Fruit & Applesauce","Infinite Herbs","Infinite Herbs Bay Leaf","","Infinite Herbs Bay Leaf","2.49","0.0","Market Basket","1 oz","1 oz","No Image.jpg","","20"
"6515","Chips, Cookies & Snacks","Nuts, Seeds & Dried Fruit","Nuts, Seeds & Dried Fruit","Emerald","Emerald Roasted & Salted Cashews","","Emerald Roasted & Salted Cashews","3.49","0.0","Market Basket","5 oz","5 oz","No Image.jpg","","6"
"3580","Fresh Produce","Fresh Vegetables","Celery","Market Basket","Celery Sticks","","Celery Sticks","3.29","0.0","Market Basket","1 lb","1 lb","No Image.jpg","","20"
"6322","Beverages & Juices","Soft Drinks & Seltzers","Seltzer","Polar","Polar Seltzer Yeti Mischief","","Polar Seltzer Yeti Mischief","3.74","0.0","Market Basket","6 x 8 fl oz","6 x 8 fl oz","No Image.jpg","","11"
"6532","Chips, Cookies & Snacks","Nuts, Seeds & Dried Fruit","Nuts, Seeds & Dried Fruit","Sunmaid","Sunmaid Vanilla Yogurt Covered Raisins","","Sunmaid Vanilla Yogurt Covered Raisins","3.13","0.0","Market Basket","6 box","6 box","No Image.jpg","","6"
"4115","Meat & Seafood","Meat & Seafood Counter","Chicken","Springer","Springer All Natural Whole Chicken","","Springer All Natural Whole Chicken","57.95","0.0","Market Basket","Approx: 5.04 lb at $11.5/lb","Approx: 5.04 lb at $11.5/lb","No Image.jpg","","22"
"5040","Chips, Cookies & Snacks","Cookies & Crackers","Cookies & Cakes","Creme de Pirouline","Pirouline Creme Filled Wafers Chocolate Hazelnut","","Pirouline Creme Filled Wafers Chocolate Hazelnut","7.8","0.0","Market Basket","14.1 oz","14.1 oz","No Image.jpg","","6"
"5373","Chips, Cookies & Snacks","Cookies & Crackers","Cookies & Cakes","Kinnikinnick","Kinnikinnick Kinnitoos Chocolate Sandwich Creme Cookies","","Kinnikinnick Kinnitoos Chocolate Sandwich Creme Cookies","6.23","0.0","Market Basket","8 oz","8 oz","No Image.jpg","","6"
"12693","Breakfast & Dairy","Breads & Rolls","Bread","Grand Central Bakery","Grand Central Bakery Sliced Scali","","Grand Central Bakery Sliced Scali","3.49","0.0","Market Basket","1 lb","1 lb","No Image.jpg","","18"
"5382","Chips, Cookies & Snacks","Cookies & Crackers","Crackers","Simple Mills","Simple Mills Almond Flour Crackers Sun Dried Tomato & Basil","","Simple Mills Almond Flour Crackers Sun Dried Tomato & Basil","6.23","0.0","Market Basket","4.25 oz","4.25 oz","No Image.jpg","","6"
"6309","Beverages & Juices","Water","Sparkling Water","Poland Spring","Poland Spring Sparkling Water, Pomegranate Lemonade","","Poland Spring Sparkling Water, Pomegranate Lemonade","3.74","0.0","Market Basket","8 x 16.9 fl oz","8 x 16.9 fl oz","No Image.jpg","","11"
"4556","Meat & Seafood","Lunch Meat","Other Meat","San Daniele","San Daniele Italian Gourmet Pack Hot Calabrese, Pepper Salame, Hot Capocollo","","San Daniele Italian Gourmet Pack Hot Calabrese, Pepper Salame, Hot Capocollo","9.29","0.0","Market Basket","8 oz","8 oz","No Image.jpg","","22"
"491","Laundry & Paper Goods","Laundry","Laundry Detergent","Tide","Tide Simply Clean& Fresh Daybreak Fresh 89 Loads Laundry Detergent","","Tide Simply Clean& Fresh Daybreak Fresh 89 Loads Laundry Detergent","11.86","1.0","Market Basket","128 fl oz","128 fl oz","No Image.jpg","","15"
"589","Laundry & Paper Goods","Laundry","Scent Booster","Snuggle","Snuggle Scnt booster Concentrated Scent Pacs 20 loads","","Snuggle Scnt booster Concentrated Scent Pacs 20 loads","4.99","1.0","Market Basket","400 g","400 g","No Image.jpg","","15"
"6377","Beverages & Juices","Water","Sparkling Water","Polar","Polar Original Sparkling Water","","Polar Original Sparkling Water","1.24","0.0","Market Basket","1 L","1 L","No Image.jpg","","11"
"6278","Beverages & Juices","Water","Water","Glaceau","Glaceau Smart Water Alkaline","","Glaceau Smart Water Alkaline","2.49","0.0","Market Basket","50.7 fl oz","50.7 fl oz","No Image.jpg","","11"
"6469","Chips, Cookies & Snacks","Nuts, Seeds & Dried Fruit","Nuts, Seeds & Dried Fruit","Planters","Planters Wholesome Nut Mix","","Planters Wholesome Nut Mix","6.24","0.0","Market Basket","7.5 oz","7.5 oz","No Image.jpg","","6"
"5364","Chips, Cookies & Snacks","Cookies & Crackers","Cookies & Cakes","Pepperidge Farm","Pepperidge Farmhouse Thin & Crispy Toffee Milk Chocolate","","Pepperidge Farmhouse Thin & Crispy Toffee Milk Chocolate","4.69","0.0","Market Basket","6.9 oz","6.9 oz","No Image.jpg","","6"
"4884","Chips, Cookies & Snacks","Chips & Fruit Snacks","Ready Popcorn","Lay's","Lay's Poppables White Cheddar Crispy Potato Bites","","Lay's Poppables White Cheddar Crispy Potato Bites","3.91","0.0","Market Basket","5 oz","5 oz","No Image.jpg","","0"
"470","Laundry & Paper Goods","Laundry","Laundry Detergent","Oxi Clean","OxiClean Laundry Dark Protect Laundry Booster 40 Loads","","OxiClean Laundry Dark Protect Laundry Booster 40 Loads","9.36","1.0","Market Basket","50 fl oz","50 fl oz","No Image.jpg","","15"
"5374","Chips, Cookies & Snacks","Cookies & Crackers","Cookies & Cakes","Kinnikinnick","Kinnikinnick Kinnitoos Vanilla Sandwich Creme Cookies","","Kinnikinnick Kinnitoos Vanilla Sandwich Creme Cookies","6.23","0.0","Market Basket","8 oz","8 oz","No Image.jpg","","6"
"6357","Beverages & Juices","Soft Drinks & Seltzers","Soft Drinks","Polar","Polar Premium Half & Half Grapefruit and Lemon Flavor","","Polar Premium Half & Half Grapefruit and Lemon Flavor","1.49","0.0","Market Basket","1 L","1 L","No Image.jpg","","17"
"5914","Beverages & Juices","Tea, Coffee, Milk & Coconut Water","Single To-Go Coffee","StarBucks","Starbucks Frappuccino Mocha Almondmilk 4 Pack","","Starbucks Frappuccino Mocha Almondmilk 4 Pack","6.24","0.0","Market Basket","4 x 9.5 fl oz","4 x 9.5 fl oz","No Image.jpg","","17"
"5918","Beverages & Juices","Tea, Coffee, Milk & Coconut Water","Single To-Go Coffee","Peet's","Peet's Iced Espresso Vanilla Latte","","Peet's Iced Espresso Vanilla Latte","3.13","0.0","Market Basket","8 fl oz","8 fl oz","No Image.jpg","","17"
"6363","Beverages & Juices","Soft Drinks & Seltzers","Seltzer","Polar","Polar Seltzer Ruby Red Grapefruit","","Polar Seltzer Ruby Red Grapefruit","3.74","0.0","Market Basket","6 x 16.9 fl oz","6 x 16.9 fl oz","No Image.jpg","","11"
"5877","Beverages & Juices","Cocoa & Drink Mixes","Cocoa & Drink Mixes","4C","4C Fruit Punch","","4C Fruit Punch","6.24","0.0","Market Basket","58 oz","58 oz","No Image.jpg","","17"
"6404","Beverages & Juices","Water","Sparkling Water","Sparkling ICE","Sparkling ICE 4 Pack","","Sparkling ICE 4 Pack","12.49","0.0","Market Basket","12 x 17 fl oz","12 x 17 fl oz","No Image.jpg","","11"
"412","Laundry & Paper Goods","Paper Goods","Bathroom Tissues / Toilet Paper","Scott","Scott Unscented Bathroom Tissue","","Scott Unscented Bathroom Tissue","7.49","1.0","Market Basket","12 count","12 count","No Image.jpg","","14"
"4537","Meat & Seafood","Lunch Meat","Other Meat","Columbus","Columbus Pinot Grigio Wine Salame, Lemon Peel","","Columbus Pinot Grigio Wine Salame, Lemon Peel","6.09","0.0","Market Basket","8 oz","8 oz","No Image.jpg","","22"
"5302","Chips, Cookies & Snacks","Cookies & Crackers","Crackers","Pepperidge Farm","Pepperidge Farm Cracker Tro","","Pepperidge Farm Cracker Tro","3.91","0.0","Market Basket","10 oz","10 oz","No Image.jpg","","6"
"8362","Condiments & Dressings","Honey, Syrup & Nectars","Honey","Gonsalves","Gonsalves Honey Orange Blossom","","Gonsalves Honey Orange Blossom","6.69","0.0","Market Basket","16 oz","16 oz","No Image.jpg","","3"
"538","Laundry & Paper Goods","Laundry","Laundry Detergent","all","all stainlifters baby detergent 24 Loads Laundry Detergent","","all stainlifters baby detergent 24 Loads Laundry Detergent","3.74","1.0","Market Basket","36 fl oz","36 fl oz","No Image.jpg","","15"
"6202","Beverages & Juices","Soft Drinks & Seltzers","Soft Drinks","7 up","7 Up Lemon Lime Box of Cans","","7 Up Lemon Lime Box of Cans","6.86","0.0","Market Basket","12 x 12 fl oz","12 x 12 fl oz","No Image.jpg","","17"
"5983","Beverages & Juices","Cocoa & Drink Mixes","Cocoa & Drink Mixes","Master of Mixes","Master of Mixes Lite Margarita Mixer","","Master of Mixes Lite Margarita Mixer","7.49","0.0","Market Basket","1.75 L","1.75 L","No Image.jpg","","17"
"5352","Chips, Cookies & Snacks","Cookies & Crackers","Crackers","Austin","Austin Sandwich Crackers Peanut Butter on Toasty Crackers","","Austin Sandwich Crackers Peanut Butter on Toasty Crackers","7.02","0.0","Market Basket","37.2 oz","37.2 oz","No Image.jpg","","6"
"6483","Chips, Cookies & Snacks","Nuts, Seeds & Dried Fruit","Nuts, Seeds & Dried Fruit","Beer Nuts","Beer Nuts Original Peanuts","","Beer Nuts Original Peanuts","3.74","0.0","Market Basket","12 oz","12 oz","No Image.jpg","","6"
"309","Kitchen & Cleaning","Food Storage & Kitchen Supplies","Plastic/Cling Wrap","Glad","Glad Cling Wrap","","Glad Cling Wrap","2.99","1.0","Market Basket","200 sq ft","200 sq ft","No Image.jpg","","12"
"6491","Chips, Cookies & Snacks","Nuts, Seeds & Dried Fruit","Nuts, Seeds & Dried Fruit","River Queen","River Queen Dry Roasted Peanuts","","River Queen Dry Roasted Peanuts","2.5","0.0","Market Basket","16 oz","16 oz","No Image.jpg","","6"
"6499","Chips, Cookies & Snacks","Nuts, Seeds & Dried Fruit","Nuts, Seeds & Dried Fruit","Kars","Kars Sweet 'N Salty Mix","","Kars Sweet 'N Salty Mix","3.75","0.0","Market Basket","16 oz","16 oz","No Image.jpg","","6"
"5000","Chips, Cookies & Snacks","Chips & Fruit Snacks","Chips & Pretzels","Utz","Utz Ripples Sour Cream & Onion Potato Chips Big Bag","","Utz Ripples Sour Cream & Onion Potato Chips Big Bag","4.69","0.0","Market Basket","14.5 oz","14.5 oz","No Image.jpg","","0"
"6149","Beverages & Juices","Soft Drinks & Seltzers","Soft Drinks","Mountain Dew","Mountain Dew Box of Cans","","Mountain Dew Box of Cans","5.63","0.0","Market Basket","12 x 12 fl oz","12 x 12 fl oz","No Image.jpg","","17"
"5129","Chips, Cookies & Snacks","Cookies & Crackers","Cookies & Cakes","Pepperidge Farm Milano","Pepperidge Farm Milano Toasted Marshmallow Cookies","","Pepperidge Farm Milano Toasted Marshmallow Cookies","4.69","0.0","Market Basket","7 oz","7 oz","No Image.jpg","","6"
"5341","Chips, Cookies & Snacks","Cookies & Crackers","Cookies & Cakes","belVita","belVita Cinnamon Brown Sugar","","belVita Cinnamon Brown Sugar","4.69","0.0","Market Basket","8.8 oz","8.8 oz","No Image.jpg","","6"
"5976","Beverages & Juices","Cocoa & Drink Mixes","Cocoa & Drink Mixes","Master of Mixes","Master of Mixes Handcrafted Sweet 'N Sour Mixer","","Master of Mixes Handcrafted Sweet 'N Sour Mixer","4.99","0.0","Market Basket","33.8 fl oz","33.8 fl oz","No Image.jpg","","17"
"12965","Breakfast & Dairy","Breads & Rolls","Tortillas & Flat Bread","Joseph's","Joseph's Multi Grain Premium Wraps 10""","","Joseph's Multi Grain Premium Wraps 10""","1.89","0.0","Market Basket","16 oz","16 oz","No Image.jpg","","18"
"6310","Beverages & Juices","Water","Sparkling Water","Poland Spring","Poland Spring Sparkling Water, White Peach Ginger","","Poland Spring Sparkling Water, White Peach Ginger","3.74","0.0","Market Basket","8 x 16.9 fl oz","8 x 16.9 fl oz","No Image.jpg","","11"
"5226","Chips, Cookies & Snacks","Cookies & Crackers","Crackers","Nabisco","Nabisco Wheat Thins Crackers, Big","","Nabisco Wheat Thins Crackers, Big","3.91","0.0","Market Basket","8 oz","8 oz","No Image.jpg","","6"
"464","Laundry & Paper Goods","Laundry","Laundry Detergent","Sun","Sun Triple Clean plus OXI original fresh 117 medium loads laundry detergent","","Sun Triple Clean plus OXI original fresh 117 medium loads laundry detergent","7.49","1.0","Market Basket","188 fl oz","188 fl oz","No Image.jpg","","15"
"5171","Chips, Cookies & Snacks","Cookies & Crackers","Crackers","Dare","Dare Vinta 8 Grains & Seeds","","Dare Vinta 8 Grains & Seeds","3.13","0.0","Market Basket","8.8 oz","8.8 oz","No Image.jpg","","6"
"6343","Beverages & Juices","Ginger Ale & Ginger Beer","Ginger Ale","Polar","Polar Premium Ginger Ale Cans","","Polar Premium Ginger Ale Cans","4.99","0.0","Market Basket","12 x 12 fl oz","12 x 12 fl oz","No Image.jpg","","11"
"6463","Chips, Cookies & Snacks","Nuts, Seeds & Dried Fruit","Nuts, Seeds & Dried Fruit","Planters","Planters Honey Roasted Peanuts","","Planters Honey Roasted Peanuts","3.74","0.0","Market Basket","16 oz","16 oz","No Image.jpg","","6"
"4759","Meat & Seafood","Frozen Meat & Seafood","Frozen Salmon","Alaska Gold","Alaska Gold Coho Salmon Fillet","","Alaska Gold Coho Salmon Fillet","41.12","0.0","Market Basket","Approx: 4.20 lb at $9.79/lb","Approx: 4.20 lb at $9.79/lb","No Image.jpg","","18"
"505","Laundry & Paper Goods","Laundry","Laundry Detergent","Tide","Tide Plus ultra OXI pods Laundry Detergent","","Tide Plus ultra OXI pods Laundry Detergent","16.24","1.0","Market Basket","32 pack","32 pack","No Image.jpg","","15"
"5259","Chips, Cookies & Snacks","Chips & Fruit Snacks","Chips & Pretzels","Kettle","Kettle Brand Potato Chips Sea Salt","","Kettle Brand Potato Chips Sea Salt","4.69","0.0","Market Basket","8.5 oz","8.5 oz","No Image.jpg","","0"
"6240","Beverages & Juices","Water","Tonic Water","Fever-Tree","Fever-Tree Premium Indian Tonic Water","","Fever-Tree Premium Indian Tonic Water","7.49","0.0","Market Basket","6.8 fl oz","6.8 fl oz","No Image.jpg","","11"
"5934","Beverages & Juices","Tea, Coffee, Milk & Coconut Water","Single To-Go Coffee","Snickers","Snickers Chocolate Lowfat Milk","","Snickers Chocolate Lowfat Milk","3.74","0.0","Market Basket","14 fl oz","14 fl oz","No Image.jpg","","17"
"5388","Chips, Cookies & Snacks","Cookies & Crackers","Crackers","Kame","Kame Rice Crackers Cheese","","Kame Rice Crackers Cheese","4.67","0.0","Market Basket","3.5 oz","3.5 oz","No Image.jpg","","6"
"6548","Chips, Cookies & Snacks","Nuts, Seeds & Dried Fruit","Nuts, Seeds & Dried Fruit","Next Organics","Next Organics Dried Coconuts","","Next Organics Dried Coconuts","3.74","0.0","Market Basket","4 oz","4 oz","No Image.jpg","","6"
"5008","Chips, Cookies & Snacks","Chips & Fruit Snacks","Chips & Pretzels","Utz","Utz Party Mix Cheese Crunchies Tortilla Chips Bbq Corn Chips Pretzel Wheels Nachos","","Utz Party Mix Cheese Crunchies Tortilla Chips Bbq Corn Chips Pretzel Wheels Nachos","6.23","0.0","Market Basket","26 oz","26 oz","No Image.jpg","","0"
"4054","Meat & Seafood","Meat & Seafood Counter","Beef","Extra","93% Lean 7% Fat Extra Lean Beef Patties","","93% Lean 7% Fat Extra Lean Beef Patties","6.39","0.0","Market Basket","1 lb","1 lb","No Image.jpg","","22"
"4331","Meat & Seafood","Meat & Seafood Counter","Pork","Smithfield","Smithfield Smoked Pork Neck Bones","","Smithfield Smoked Pork Neck Bones","2.39","0.0","Market Basket","1 lb","1 lb","No Image.jpg","","22"
"6243","Beverages & Juices","Ginger Ale & Ginger Beer","Ginger Beer","Fever-Tree","Fever-Tree Premium Light Ginger Beer","","Fever-Tree Premium Light Ginger Beer","7.49","0.0","Market Basket","6.8 fl oz","6.8 fl oz","No Image.jpg","","11"
"551","Laundry & Paper Goods","Laundry","Laundry Detergent","Gain","Gain Fireworks in wash scent original Laundry Detergent","","Gain Fireworks in wash scent original Laundry Detergent","8.74","1.0","Market Basket","285 g","285 g","No Image.jpg","","15"
"6316","Beverages & Juices","Water","Sparkling Water","Poland Spring","Poland Spring Sparkling Water, Ruby Red Grapefruit","","Poland Spring Sparkling Water, Ruby Red Grapefruit","3.74","0.0","Market Basket","8 x 12 fl oz","8 x 12 fl oz","No Image.jpg","","11"
"6110","Beverages & Juices","Soft Drinks & Seltzers","Soft Drinks","Crush","Crush Orange Soda","","Crush Orange Soda","2.5","0.0","Market Basket","2 L","2 L","No Image.jpg","","17"
"6273","Beverages & Juices","Water","Water","Glaceau","Glaceau Smart Water","","Glaceau Smart Water","1.24","0.0","Market Basket","33.8 fl oz","33.8 fl oz","No Image.jpg","","11"
"6229","Beverages & Juices","Water","Sparkling Water","Adirondack","Adirondack Cherry Vanilla Sparkling Water","","Adirondack Cherry Vanilla Sparkling Water","0.63","0.0","Market Basket","1 L","1 L","No Image.jpg","","11"
"5998","Beverages & Juices","Energy & Sports Drinks","Energy & Sports Drinks","Monster","Monster Energy Pipeline Punch 4 Pack","","Monster Energy Pipeline Punch 4 Pack","8.74","0.0","Market Basket","4 x 16 fl oz","4 x 16 fl oz","No Image.jpg","","17"
"546","Laundry & Paper Goods","Laundry","Laundry Detergent","Gain","Gain Aroma Boost Liquid Laundry Detergent, blissful breeze","","Gain Aroma Boost Liquid Laundry Detergent, blissful breeze","13.74","1.0","Market Basket","100 fl oz","100 fl oz","No Image.jpg","","15"
"6163","Beverages & Juices","Soft Drinks & Seltzers","Soft Drinks","Pepsi","Pepsi Diet Caffeine Free","","Pepsi Diet Caffeine Free","2.5","0.0","Market Basket","2 L","2 L","No Image.jpg","","17"
"8353","Condiments & Dressings","Honey, Syrup & Nectars","Syrup","Ben's Sugar Shack","Ben's Sugar Shack 100% Pure Maple Syrup","","Ben's Sugar Shack 100% Pure Maple Syrup","6.09","0.0","Market Basket","8 fl oz","8 fl oz","No Image.jpg","","3"
"6520","Chips, Cookies & Snacks","Nuts, Seeds & Dried Fruit","Nuts, Seeds & Dried Fruit","Sunmaid","Sunmaid Raisins","","Sunmaid Raisins","5.36","0.0","Market Basket","22.58 oz","22.58 oz","No Image.jpg","","6"
"5298","Chips, Cookies & Snacks","Cookies & Crackers","Crackers","Ritz","Ritz Crisp & Thins 50% Less Fat Salt & Vinegar","","Ritz Crisp & Thins 50% Less Fat Salt & Vinegar","3.91","0.0","Market Basket","7.1 oz","7.1 oz","No Image.jpg","","6"
"584","Laundry & Paper Goods","Laundry","Fabric Softener","Snuggle","Snuggle exhilarations amber woods and honeysuckle fabric conditioner","","Snuggle exhilarations amber woods and honeysuckle fabric conditioner","3.74","1.0","Market Basket","32 fl oz","32 fl oz","No Image.jpg","","15"
"6060","Beverages & Juices","Cocoa & Drink Mixes","Cocoa & Drink Mixes","Crystal Light","Crystal Light Strawberry Orange Banana","","Crystal Light Strawberry Orange Banana","3.75","0.0","Market Basket","2.4 oz","2.4 oz","No Image.jpg","","17"
"6345","Beverages & Juices","Soft Drinks & Seltzers","Soft Drinks","Polar","Polar Pineapple Flavored Soda","","Polar Pineapple Flavored Soda","1.74","0.0","Market Basket","2 L","2 L","No Image.jpg","","17"
"6109","Beverages & Juices","Soft Drinks & Seltzers","Soft Drinks","Crush","Crush Orange Soda","","Crush Orange Soda","5.0","0.0","Market Basket","6 x 16.9 fl oz","6 x 16.9 fl oz","No Image.jpg","","17"
"6298","Beverages & Juices","Water","Water","Poland Spring","Poland Spring Minis Natural Spring Water Minis","","Poland Spring Minis Natural Spring Water Minis","2.49","0.0","Market Basket","12 x 8 oz","12 x 8 oz","No Image.jpg","","11"
"6487","Chips, Cookies & Snacks","Nuts, Seeds & Dried Fruit","Nuts, Seeds & Dried Fruit","Emerald","Emerald Cocoa Roast Almonds","","Emerald Cocoa Roast Almonds","3.75","0.0","Market Basket","4.34 oz","4.34 oz","No Image.jpg","","6"
"6319","Beverages & Juices","Soft Drinks & Seltzers","Seltzer","Polar","Polar Seltzer Dragon Whispers","","Polar Seltzer Dragon Whispers","3.74","0.0","Market Basket","6 x 8 fl oz","6 x 8 fl oz","No Image.jpg","","11"
"5410","Chips, Cookies & Snacks","Cookies & Crackers","Crackers","Stauffer's","Stauffer's Animal Cracker Original 6 Bags","","Stauffer's Animal Cracker Original 6 Bags","3.13","0.0","Market Basket","9 oz","9 oz","No Image.jpg","","6"
"4356","Meat & Seafood","Meat & Seafood Counter","Steak","Chef's Requested","Chef's Requested Boneless Underblade Chuck Steak","","Chef's Requested Boneless Underblade Chuck Steak","6.2","0.0","Market Basket","Approx: 1.02 lb at $6.09/lb","Approx: 1.02 lb at $6.09/lb","No Image.jpg","","22"
"5416","Chips, Cookies & Snacks","Cookies & Crackers","Crackers","Cheez-It","Cheez-it White Cheddar","","Cheez-it White Cheddar","1.56","0.0","Market Basket","2.2 oz","2.2 oz","No Image.jpg","","6"
"573","Laundry & Paper Goods","Laundry","Laundry Detergent","Downy","Downy infusions BLISS Sparkling Amber & Rose 48 loads Laundry Detergent","","Downy infusions BLISS Sparkling Amber & Rose 48 loads Laundry Detergent","7.49","1.0","Market Basket","0.96 L","0.96 L","No Image.jpg","","15"
"4829","Chips, Cookies & Snacks","Chips & Fruit Snacks","Chips & Pretzels","Cape Cod","Cape Cod Sea Salt & Vinegar","","Cape Cod Sea Salt & Vinegar","5.92","0.0","Market Basket","8 oz","8 oz","No Image.jpg","","0"
"14560","Breakfast & Dairy","Tea & Coffee","Tea","Dafruta","Dafruta Passion Fruit Tetra","","Dafruta Passion Fruit Tetra","2.49","0.0","Market Basket","33.8 oz","33.8 oz","No Image.jpg","","8"
"5959","Beverages & Juices","Cocoa & Drink Mixes","Cocoa & Drink Mixes","Mr & Mrs T","Mr & Mrs T Bold & Spicy Bloody Mary Mix","","Mr & Mrs T Bold & Spicy Bloody Mary Mix","6.24","0.0","Market Basket","1.75 L","1.75 L","No Image.jpg","","17"
"13476","Breakfast & Dairy","Dairy & Eggs","Milk","Hood","Hood Fat Free Milk","","Hood Fat Free Milk","5.36","0.0","Market Basket","1 gal","1 gal","No Image.jpg","","1"
"6093","Beverages & Juices","Soft Drinks & Seltzers","Soft Drinks","Coca-Cola","Coca Cola Original Taste","","Coca Cola Original Taste","1.49","0.0","Market Basket","42.2 fl oz","42.2 fl oz","No Image.jpg","","17"
"6388","Beverages & Juices","Water","Sparkling Water","Polar","Polar Blueberry Peach Sparkling Water","","Polar Blueberry Peach Sparkling Water","1.24","0.0","Market Basket","1 L","1 L","No Image.jpg","","11"
"5981","Beverages & Juices","Cocoa & Drink Mixes","Cocoa & Drink Mixes","Master of Mixes","Master of Mixes Blue Curacao","","Master of Mixes Blue Curacao","3.74","0.0","Market Basket","375 ml","375 ml","No Image.jpg","","17"
"5901","Beverages & Juices","Tea, Coffee, Milk & Coconut Water","Single To-Go Coffee","StarBucks","Stabucks Frappuccino Vanilla","","Stabucks Frappuccino Vanilla","3.36","0.0","Market Basket","13.7 fl oz","13.7 fl oz","No Image.jpg","","17"
"6227","Beverages & Juices","Water","Sparkling Water","Adirondack","Adirondack Lemon Lime Sparkling Water","","Adirondack Lemon Lime Sparkling Water","0.63","0.0","Market Basket","1 L","1 L","No Image.jpg","","11"
"5384","Chips, Cookies & Snacks","Cookies & Crackers","Crackers","Simple Mills","Simple Mills Almond Flour Crackers Farmhouse Cheddar","","Simple Mills Almond Flour Crackers Farmhouse Cheddar","6.23","0.0","Market Basket","4.25 oz","4.25 oz","No Image.jpg","","6"
"3797","Fresh Produce","Fresh Organic Herbs","Lemongrass","Infinite Herbs","Infinite Herbs Organic Lemongrass Herb","","Infinite Herbs Organic Lemongrass Herb","2.4","0.0","Market Basket","1 oz","1 oz","No Image.jpg","","20"
"622","Laundry & Paper Goods","Paper Goods","Wipes","Scotties","Scotties everyday comfort","","Scotties everyday comfort","1.24","1.0","Market Basket","64 count","64 count","No Image.jpg","","14"
"494","Laundry & Paper Goods","Laundry","Laundry Detergent","Tide","Tide Simply Clean& Fresh Daybreak Fresh 22 Loads Laundry Detergent","","Tide Simply Clean& Fresh Daybreak Fresh 22 Loads Laundry Detergent","4.36","1.0","Market Basket","31 fl oz","31 fl oz","No Image.jpg","","15"
"566","Laundry & Paper Goods","Laundry","Laundry Detergent","Persil","Persil ProCLean Original Detergent Deep Clean 64 Loads","","Persil ProCLean Original Detergent Deep Clean 64 Loads","15.61","1.0","Market Basket","100 fl oz","100 fl oz","No Image.jpg","","15"
"5378","Chips, Cookies & Snacks","Cookies & Crackers","Cookies & Cakes","Schar","Schar Gluten Free Shortbread Cookies","","Schar Gluten Free Shortbread Cookies","6.23","0.0","Market Basket","7.1 oz","7.1 oz","No Image.jpg","","6"
"490","Laundry & Paper Goods","Laundry","Laundry Detergent","Tide","Tide Plus Bleach Original 53 Loads Laundry Detergent","","Tide Plus Bleach Original 53 Loads Laundry Detergent","12.49","1.0","Market Basket","95 oz","95 oz","No Image.jpg","","15"
"5257","Chips, Cookies & Snacks","Chips & Fruit Snacks","Chips & Pretzels","LATE JULY","LATE JULY Organic Blue Corn Dippers Tortilla Chips","","LATE JULY Organic Blue Corn Dippers Tortilla Chips","4.69","0.0","Market Basket","8 oz","8 oz","No Image.jpg","","0"
"520","Laundry & Paper Goods","Laundry","Laundry Detergent","Arm & Hammer","Arm & Hammer Plus the Power of OxiClean Stain Fighters Sparkling Waters Laundry Detergent","","Arm & Hammer Plus the Power of OxiClean Stain Fighters Sparkling Waters Laundry Detergent","4.99","1.0","Market Basket","43.75 fl oz","43.75 fl oz","No Image.jpg","","15"
"12856","Breakfast & Dairy","Breads & Rolls","Bagels","Ruby Bay","Ruby Bay Quality Nova Bagel Cuts","","Ruby Bay Quality Nova Bagel Cuts","12.19","0.0","Market Basket","12 oz","12 oz","No Image.jpg","","18"
"458","Laundry & Paper Goods","Laundry","Laundry Detergent","Sun","Sun Triple Clean clean&fresh 32 medium loads laundry detergent","","Sun Triple Clean clean&fresh 32 medium loads laundry detergent","2.49","1.0","Market Basket","45.4 fl oz","45.4 fl oz","No Image.jpg","","15"
"5265","Chips, Cookies & Snacks","Chips & Fruit Snacks","Chips & Pretzels","Good Health","Good Health Veggie Straws Zesty Ranch","","Good Health Veggie Straws Zesty Ranch","4.69","0.0","Market Basket","6.25 oz","6.25 oz","No Image.jpg","","0"
"5297","Chips, Cookies & Snacks","Cookies & Crackers","Crackers","Ritz","Ritz Toasted Chips 50% Less Fat Veggie 100% Whole Grain Wheat","","Ritz Toasted Chips 50% Less Fat Veggie 100% Whole Grain Wheat","3.91","0.0","Market Basket","8.1 oz","8.1 oz","No Image.jpg","","6"
"6470","Chips, Cookies & Snacks","Nuts, Seeds & Dried Fruit","Nuts, Seeds & Dried Fruit","Second Nature","Second Nature Wholesome Medley","","Second Nature Wholesome Medley","8.74","0.0","Market Basket","15 oz","15 oz","No Image.jpg","","6"
"5911","Beverages & Juices","Tea, Coffee, Milk & Coconut Water","Single To-Go Coffee","StarBucks","Starbucks Frappuccino Mocha Light Bottles 4 Pack","","Starbucks Frappuccino Mocha Light Bottles 4 Pack","6.24","0.0","Market Basket","4 x 9.5 fl oz","4 x 9.5 fl oz","No Image.jpg","","17"
"507","Laundry & Paper Goods","Laundry","Laundry Detergent","Tide","Tide Pods free&gentle Laundry Detergent","","Tide Pods free&gentle Laundry Detergent","22.49","1.0","Market Basket","72 pack","72 pack","No Image.jpg","","15"
"6454","Chips, Cookies & Snacks","Jerkies","Jerky","Matador","Matador Teriyaki Beef Jerky","","Matador Teriyaki Beef Jerky","6.86","0.0","Market Basket","3 oz","3 oz","No Image.jpg","","6"
"6908","Cooking Needs","Baking & Cooking","Baking Ingredients","South Georgia Pecan Co.","South Georgia Pecan Co. Pecan Pieces","","South Georgia Pecan Co. Pecan Pieces","5.49","0.0","Market Basket","8 oz","8 oz","No Image.jpg","","8"
"4419","Meat & Seafood","Hot Dogs, Bacon & Sausage","Hot Dogs","Cedar","Cedar Hommus","","Cedar Hommus","1.89","0.0","Market Basket","1 lb","1 lb","No Image.jpg","","1"
"482","Laundry & Paper Goods","Laundry","Laundry Detergent","Purex Liquid Detergents","Purex Detergent Odor Release 85 Loads","","Purex Detergent Odor Release 85 Loads","9.99","1.0","Market Basket","128 fl oz","128 fl oz","No Image.jpg","","15"
"4043","Meat & Seafood","Meat & Seafood Counter","Beef","85% Lean","85% Lean Beef Burgers","","85% Lean Beef Burgers","8.59","0.0","Market Basket","1 lb","1 lb","No Image.jpg","","22"
"5415","Chips, Cookies & Snacks","Cookies & Crackers","Crackers","Cheez-It","Cheez-it Original","","Cheez-it Original","1.56","0.0","Market Basket","2.2 oz","2.2 oz","No Image.jpg","","6"
"8225","Condiments & Dressings","Marinades, Ketchup & Sauces","Condiments","Lea & Perrins","Lea & Perrins Original Worcestershire Sauce","","Lea & Perrins Original Worcestershire Sauce","3.69","0.0","Market Basket","15 oz","15 oz","No Image.jpg","","2"
"6051","Beverages & Juices","Ice Pops","Ice Pops","Slush Puppie","Slush Puppie Slush Bars","","Slush Puppie Slush Bars","1.24","0.0","Market Basket","10 x 1 oz","10 x 1 oz","No Image.jpg","","17"
"5992","Beverages & Juices","Cocoa & Drink Mixes","Cocoa & Drink Mixes","Master of Mixes","Master of Mixes Pina Colada Mixer","","Master of Mixes Pina Colada Mixer","7.49","0.0","Market Basket","1.75 L","1.75 L","No Image.jpg","","17"
"623","Laundry & Paper Goods","Paper Goods","Wipes","Scotties","Scotties triple soft","","Scotties triple soft","1.24","1.0","Market Basket","66 count","66 count","No Image.jpg","","14"
"5043","Chips, Cookies & Snacks","Cookies & Crackers","Cookies & Cakes","Dare","Dare Pure Chocolate Whippet Raspberry Cookies","","Dare Pure Chocolate Whippet Raspberry Cookies","3.91","0.0","Market Basket","8.8 oz","8.8 oz","No Image.jpg","","6"
"590","Laundry & Paper Goods","Laundry","Fabric Softener","Snuggle","Ultra Snuggle Fabric Conditioner with Fresh Release Blue Sparkle 120 loads","","Ultra Snuggle Fabric Conditioner with Fresh Release Blue Sparkle 120 loads","8.74","1.0","Market Basket","96 fl oz","96 fl oz","No Image.jpg","","15"
"12900","Breakfast & Dairy","Breads & Rolls","Rolls","Grand Central Bakery","Grand Central Bakery Rolls","","Grand Central Bakery Rolls","3.49","0.0","Market Basket","16 oz","16 oz","No Image.jpg","","18"
"5262","Chips, Cookies & Snacks","Chips & Fruit Snacks","Chips & Pretzels","Eatsmart Snacks","Eatsmart Organic Veggie Straws Himalayan Pink Salt Gluten Free","","Eatsmart Organic Veggie Straws Himalayan Pink Salt Gluten Free","3.91","0.0","Market Basket","6 oz","6 oz","No Image.jpg","","0"
"6380","Beverages & Juices","Water","Sparkling Water","Polar","Polar Triple Berry Sparkling Water","","Polar Triple Berry Sparkling Water","1.24","0.0","Market Basket","1 L","1 L","No Image.jpg","","11"
"4836","Chips, Cookies & Snacks","Chips & Fruit Snacks","Chips & Pretzels","Chex Mix","Chex Mix Bold Snack Mix","","Chex Mix Bold Snack Mix","3.13","0.0","Market Basket","8.5 oz","8.5 oz","No Image.jpg","","0"
"557","Laundry & Paper Goods","Laundry","Laundry Detergent","Xtra","Xtra Detergent Mountain Rain 50 Loads","","Xtra Detergent Mountain Rain 50 Loads","3.74","1.0","Market Basket","75 fl oz","75 fl oz","No Image.jpg","","15"
"4418","Meat & Seafood","Hot Dogs, Bacon & Sausage","Hot Dogs","Carando","Carando Spiral Recipe Sliced Deli Ham","","Carando Spiral Recipe Sliced Deli Ham","7.39","0.0","Market Basket","1 lb","1 lb","No Image.jpg","","1"
"6329","Beverages & Juices","Water","Tonic Water","Polar","Polar Premium Tonic Water Cans","","Polar Premium Tonic Water Cans","3.74","0.0","Market Basket","6 x 7.5 fl oz","6 x 7.5 fl oz","No Image.jpg","","11"
"496","Laundry & Paper Goods","Laundry","Laundry Detergent","Tide","Tide Detergent Original 64 Loads","","Tide Detergent Original 64 Loads","14.99","1.0","Market Basket","92 fl oz","92 fl oz","No Image.jpg","","15"
"524","Laundry & Paper Goods","Laundry","Laundry Detergent","Arm & Hammer","Arm & Hammer Sensitive Skin plus Fresh Scent 100 Loads Laundry Detergent","","Arm & Hammer Sensitive Skin plus Fresh Scent 100 Loads Laundry Detergent","9.99","1.0","Market Basket","150 fl oz","150 fl oz","No Image.jpg","","15"
"5909","Beverages & Juices","Tea, Coffee, Milk & Coconut Water","Single To-Go Coffee","StarBucks","Starbucks Frappuccino Coffee","","Starbucks Frappuccino Coffee","3.36","0.0","Market Basket","13.7 fl oz","13.7 fl oz","No Image.jpg","","17"
"5696","Breakfast & Dairy","Bars & Pastries","Protien Bars","Amrita","Amrita Dark Chocolate Crunch Protein Bars","","Amrita Dark Chocolate Crunch Protein Bars","1.89","0.0","Market Basket","2.12 oz","2.12 oz","No Image.jpg","","3"
"8774","Condiments & Dressings","Preserved Dips & Spreads","Preserved Dips & Salsa","Smucker's","Red Raspberry Preserves","","Red Raspberry Preserves","2.49","0.0","Market Basket","12 oz","12 oz","No Image.jpg","","1"
"4540","Meat & Seafood","Lunch Meat","Other Meat","Del Duca","Del Duca Prosciutto & Provolone Cheese Slices","","Del Duca Prosciutto & Provolone Cheese Slices","6.09","0.0","Market Basket","6 oz","6 oz","No Image.jpg","","22"
"5986","Beverages & Juices","Cocoa & Drink Mixes","Cocoa & Drink Mixes","Master of Mixes","Master of Mixes Blood Orange Margarita Mixer","","Master of Mixes Blood Orange Margarita Mixer","7.49","0.0","Market Basket","1.75 L","1.75 L","No Image.jpg","","17"
"5056","Chips, Cookies & Snacks","Cookies & Crackers","Cookies & Cakes","Keebler","Keebler Fudge Stripes Cookies Mini's Original","","Keebler Fudge Stripes Cookies Mini's Original","6.23","0.0","Market Basket","12 oz","12 oz","No Image.jpg","","6"
"3444","Fresh Produce","Fresh Fruits","Clementine","Market Basket","Cutie Clementines","","Cutie Clementines","7.14","0.0","Market Basket","3 lb","3 lb","No Image.jpg","","20"
"5383","Chips, Cookies & Snacks","Cookies & Crackers","Crackers","Simple Mills","Simple Mills Almond Flour Crackers Fine Ground Sea Salt","","Simple Mills Almond Flour Crackers Fine Ground Sea Salt","6.23","0.0","Market Basket","4.25 oz","4.25 oz","No Image.jpg","","6"
"5879","Beverages & Juices","Cocoa & Drink Mixes","Cocoa & Drink Mixes","4C","4C Lemonade","","4C Lemonade","1.88","0.0","Market Basket","18.6 oz","18.6 oz","No Image.jpg","","17"
"460","Laundry & Paper Goods","Laundry","Laundry Detergent","Sun","Sun Triple Clean fresh morning breeze 32 medium loads laundry detergent","","Sun Triple Clean fresh morning breeze 32 medium loads laundry detergent","2.49","1.0","Market Basket","45.4 fl oz","45.4 fl oz","No Image.jpg","","15"
"5273","Chips, Cookies & Snacks","Chips & Fruit Snacks","Chips & Pretzels","Good Health","Good Health Sweet Potato Sweet Chipotle Kettle Style Chips","","Good Health Sweet Potato Sweet Chipotle Kettle Style Chips","4.69","0.0","Market Basket","5 oz","5 oz","No Image.jpg","","0"
"4372","Meat & Seafood","Meat & Seafood Counter","Turkey","Shady Brook Farms","Shady Brook Farms All Natural Turkey","","Shady Brook Farms All Natural Turkey","2.2","0.0","Market Basket","Approx: 1.30 lb at $1.69/lb","Approx: 1.30 lb at $1.69/lb","No Image.jpg","","22"
"4925","Chips, Cookies & Snacks","Chips & Fruit Snacks","Chips & Pretzels","Smartfood","Smartfood Smart 50 White Cheddar","","Smartfood Smart 50 White Cheddar","6.23","0.0","Market Basket","5 oz","5 oz","No Image.jpg","","0"
"4966","Chips, Cookies & Snacks","Chips & Fruit Snacks","Chips & Pretzels","Terra Chips","Terra Sweet Potato Chips Sea Salt Added Non GMO","","Terra Sweet Potato Chips Sea Salt Added Non GMO","6.23","0.0","Market Basket","6 oz","6 oz","No Image.jpg","","0"
"6521","Chips, Cookies & Snacks","Nuts, Seeds & Dried Fruit","Nuts, Seeds & Dried Fruit","Sunmaid","Sunmaid California Golden Raisins","","Sunmaid California Golden Raisins","4.36","0.0","Market Basket","15 oz","15 oz","No Image.jpg","","6"
"5247","Chips, Cookies & Snacks","Chips & Fruit Snacks","Chips & Pretzels","LATE JULY","LATE JULY Sea Salt No Grain Tortilla Chips","","LATE JULY Sea Salt No Grain Tortilla Chips","4.69","0.0","Market Basket","5.5 oz","5.5 oz","No Image.jpg","","0"
"5927","Beverages & Juices","Tea, Coffee, Milk & Coconut Water","Single To-Go Coffee","KITU","KITU Super Coffee Vanilla","","KITU Super Coffee Vanilla","3.13","0.0","Market Basket","12 fl oz","12 fl oz","No Image.jpg","","17"
"4500","Meat & Seafood","Lunch Meat","Ham","Glen Rock","Glen Rock Boneless Smoked Ham","","Glen Rock Boneless Smoked Ham","6.27","0.0","Market Basket","Approx: 1.70 lb at $3.69/lb","Approx: 1.70 lb at $3.69/lb","No Image.jpg","","22"
"5884","Beverages & Juices","Cocoa & Drink Mixes","Cocoa & Drink Mixes","Tang","Tang Orange Naranja Drink Mix","","Tang Orange Naranja Drink Mix","3.36","0.0","Market Basket","20 oz","20 oz","No Image.jpg","","17"
"6259","Beverages & Juices","Water","Water","Essentia","Essentia Water Purified Water","","Essentia Water Purified Water","24.99","0.0","Market Basket","24 x 20 fl oz","24 x 20 fl oz","No Image.jpg","","11"
"6032","Beverages & Juices","Energy & Sports Drinks","Energy & Sports Drinks","Red Bull","Red Bull Coconut Edition - Coconut Berry","","Red Bull Coconut Edition - Coconut Berry","3.13","0.0","Market Basket","12 fl oz","12 fl oz","No Image.jpg","","17"
"4912","Chips, Cookies & Snacks","Chips & Fruit Snacks","Chips & Pretzels","Rold Gold","Rold Gold Pretzel Thins","","Rold Gold Pretzel Thins","5.14","0.0","Market Basket","1 lb","1 lb","No Image.jpg","","0"
"6254","Beverages & Juices","Water","Water","Crystal Geyser","Crystal Geyser Natural Alpine Spring Water","","Crystal Geyser Natural Alpine Spring Water","1.25","0.0","Market Basket","33.8 fl oz","33.8 fl oz","No Image.jpg","","11"
"6029","Beverages & Juices","Energy & Sports Drinks","Energy & Sports Drinks","Red Bull","Red Bull Red Edition - Cranberry","","Red Bull Red Edition - Cranberry","3.13","0.0","Market Basket","12 fl oz","12 fl oz","No Image.jpg","","17"
"4127","Meat & Seafood","Meat & Seafood Counter","Chicken Breast","Perdue","Perdue Thin Sliced Skinless Chicken Breast","","Perdue Thin Sliced Skinless Chicken Breast","4.89","0.0","Market Basket","1 lb","1 lb","No Image.jpg","","22"
"5261","Chips, Cookies & Snacks","Chips & Fruit Snacks","Chips & Pretzels","Garden of Eatin'","Garden of Eatin' Corn Tortilla Chips Red Hot Blues Chips","","Garden of Eatin' Corn Tortilla Chips Red Hot Blues Chips","5.47","0.0","Market Basket","8.1 oz","8.1 oz","No Image.jpg","","0"
"6341","Beverages & Juices","Soft Drinks & Seltzers","Soft Drinks","Polar","Polar Diet Pink Grapefruit Dry Box of Cans","","Polar Diet Pink Grapefruit Dry Box of Cans","4.36","0.0","Market Basket","8 x 12 fl oz","8 x 12 fl oz","No Image.jpg","","11"
"6201","Beverages & Juices","Soft Drinks & Seltzers","Soft Drinks","7 up","7 Up Diet Lemon Lime Box of Cans","","7 Up Diet Lemon Lime Box of Cans","6.86","0.0","Market Basket","12 x 12 fl oz","12 x 12 fl oz","No Image.jpg","","17"
"12700","Breakfast & Dairy","Breads & Rolls","Bread","Joseph's","Joseph's Thin Sandwich Rolls Flax Oat Bean & Whole Wheat","","Joseph's Thin Sandwich Rolls Flax Oat Bean & Whole Wheat","3.09","0.0","Market Basket","12 oz","12 oz","No Image.jpg","","18"
"6381","Beverages & Juices","Water","Sparkling Water","Polar","Polar Mandarin Sparkling Water","","Polar Mandarin Sparkling Water","1.24","0.0","Market Basket","1 L","1 L","No Image.jpg","","11"
"4967","Chips, Cookies & Snacks","Chips & Fruit Snacks","Chips & Pretzels","Terra Chips","Terra Blues Sea Salt Non GMO Chips","","Terra Blues Sea Salt Non GMO Chips","6.23","0.0","Market Basket","5 oz","5 oz","No Image.jpg","","0"
"6271","Beverages & Juices","Water","Water","Glaceau","Glaceau Vapor Distilled Premium Water Bottle Antitoxidant","","Glaceau Vapor Distilled Premium Water Bottle Antitoxidant","9.99","0.0","Market Basket","6 x 1 L","6 x 1 L","No Image.jpg","","11"
"5188","Chips, Cookies & Snacks","Cookies & Crackers","Crackers","LATE JULY","LATE JULY Snacks Organic Classic Crackers","","LATE JULY Snacks Organic Classic Crackers","4.67","0.0","Market Basket","6 oz","6 oz","No Image.jpg","","6"
"12697","Breakfast & Dairy","Breads & Rolls","Bread","Jessica's Brick Oven Bakery","Jessica's Brick Oven Cinnamon Raisin Swirl Bread","","Jessica's Brick Oven Cinnamon Raisin Swirl Bread","4.69","0.0","Market Basket","24 oz","24 oz","No Image.jpg","","18"
"15292","Personal Care","Vitamins & Proteins","Protien Drinks","Ensure","Ensure Plus Milk Chocolate","","Ensure Plus Milk Chocolate","14.02","1.0","Market Basket","6 count","6 count","No Image.jpg","","13"
"10449","Cooking Needs","Rice & Grains","Rice","Twin Elephants","Twin Elephants Jasmine White Scented Rice","","Twin Elephants Jasmine White Scented Rice","26.89","0.0","Market Basket","25 lb","25 lb","No Image.jpg","","4"
"620","Laundry & Paper Goods","Paper Goods","Wipes","Kleenex","Kleenex trusted care","","Kleenex trusted care","2.5","1.0","Market Basket","144 count","144 count","No Image.jpg","","14"
"492","Laundry & Paper Goods","Laundry","Laundry Detergent","Tide","Tide Simply + OXI Refreshing Breeze 74 Loads Laundry Detergent","","Tide Simply + OXI Refreshing Breeze 74 Loads Laundry Detergent","11.86","1.0","Market Basket","115 fl oz","115 fl oz","No Image.jpg","","15"
"6406","Beverages & Juices","Water","Sparkling Water","Sparkling ICE","Sparkling ICE 4 Pack","","Sparkling ICE 4 Pack","12.49","0.0","Market Basket","12 x 17 fl oz","12 x 17 fl oz","No Image.jpg","","11"
"6498","Chips, Cookies & Snacks","Nuts, Seeds & Dried Fruit","Nuts, Seeds & Dried Fruit","Kars","Kars Peanut Butter 'N Dark Chocolate","","Kars Peanut Butter 'N Dark Chocolate","3.75","0.0","Market Basket","12 oz","12 oz","No Image.jpg","","6"
"582","Laundry & Paper Goods","Laundry","Fabric Softener","Snuggle","Snuggle Plus super fresh Fabric conditioner Violet Breeze","","Snuggle Plus super fresh Fabric conditioner Violet Breeze","3.74","1.0","Market Basket","31.7 fl oz","31.7 fl oz","No Image.jpg","","15"
"6544","Chips, Cookies & Snacks","Nuts, Seeds & Dried Fruit","Nuts, Seeds & Dried Fruit","StoneRidge Orchards","StoneRidge Organic Montmorency Cherries","","StoneRidge Organic Montmorency Cherries","3.13","0.0","Market Basket","4 oz","4 oz","No Image.jpg","","6"
"5344","Chips, Cookies & Snacks","Cookies & Crackers","Cookies & Cakes","belVita","belVita Vanilla Oat","","belVita Vanilla Oat","4.69","0.0","Market Basket","8.8 oz","8.8 oz","No Image.jpg","","6"
"4106","Meat & Seafood","Meat & Seafood Counter","Chicken","Thin 'n Trim","Thin 'n Trim Chicken Sausage, Apple And Cinnamon","","Thin 'n Trim Chicken Sausage, Apple And Cinnamon","3.29","0.0","Market Basket","1 lb","1 lb","No Image.jpg","","22"
"5308","Chips, Cookies & Snacks","Cookies & Crackers","Crackers","Nabisco","Nabisco Famous Chocolate Wafers","","Nabisco Famous Chocolate Wafers","6.23","0.0","Market Basket","9 oz","9 oz","No Image.jpg","","6"
"5103","Chips, Cookies & Snacks","Cookies & Crackers","Cookies & Cakes","Oreo","Nabisco Oreo Golden Double Stuf Sandwich Cookies","","Nabisco Oreo Golden Double Stuf Sandwich Cookies","4.69","0.0","Market Basket","15.25 oz","15.25 oz","No Image.jpg","","6"
"6452","Chips, Cookies & Snacks","Jerkies","Jerky","Bridgford","Bridgford Sweet 'N Spicy Beef Jerky","","Bridgford Sweet 'N Spicy Beef Jerky","6.24","0.0","Market Basket","3.25 oz","3.25 oz","No Image.jpg","","6"
"5890","Beverages & Juices","Tea, Coffee, Milk & Coconut Water","Single To-Go Coffee","Dunkin' Donuts","Dunkin' Donuts Iced Coffee Espresso","","Dunkin' Donuts Iced Coffee Espresso","3.13","0.0","Market Basket","13.7 fl oz","13.7 fl oz","No Image.jpg","","17"
"4114","Meat & Seafood","Meat & Seafood Counter","Chicken","Perdue","Perdue Chicken","","Perdue Chicken","5.59","0.0","Market Basket","1 lb","1 lb","No Image.jpg","","22"
"5293","Chips, Cookies & Snacks","Chips & Fruit Snacks","Chips & Pretzels","Ritz","Ritz Toasted Chips 40% Less Fat Sour Cream & Onion","","Ritz Toasted Chips 40% Less Fat Sour Cream & Onion","3.91","0.0","Market Basket","8.1 oz","8.1 oz","No Image.jpg","","6"
"6050","Beverages & Juices","Ice Pops","Ice Pops","Wyler's","Wyler's Italian Aces","","Wyler's Italian Aces","3.13","0.0","Market Basket","16 x 2 oz","16 x 2 oz","No Image.jpg","","17"
"6264","Beverages & Juices","Water","Water","Fiji","Fiji Natural Artesian Water","","Fiji Natural Artesian Water","7.49","0.0","Market Basket","6 x 500 ml","6 x 500 ml","No Image.jpg","","11"
"5944","Beverages & Juices","Cocoa & Drink Mixes","Cocoa & Drink Mixes","Cocktail Artist","Cocktail Artist Bloody Mary Premium Mix","","Cocktail Artist Bloody Mary Premium Mix","6.24","0.0","Market Basket","1 L","1 L","No Image.jpg","","17"
